<?xml version="1.0" encoding="UTF-8"?>
<!DOCTYPE html PUBLIC "-//W3C//DTD XHTML 1.0 Transitional//EN"
    "http://www.w3.org/TR/xhtml1/DTD/xhtml1-transitional.dtd">
<html xmlns="http://www.w3.org/1999/xhtml" xml:lang="en" lang="en">
 <head>
  <title>
</title>
<meta http-equiv="Content-Type" content="text/html;charset=utf-8" />
  <meta name='ocr-system' content='tesseract 3.04.00' />
  <meta name='ocr-capabilities' content='ocr_page ocr_carea ocr_par ocr_line ocrx_word'/>
</head>
<body>
  <div class='ocr_page' id='page_1' title='image "anthologiagraec04saumgoog_0046.png"; bbox 0 0 4775 6000; ppageno 0'>
   <div class='ocr_carea' id='block_1_1' title="bbox 1319 539 2721 648">
    <p class='ocr_par' dir='ltr' id='par_1_1' title="bbox 1319 539 2721 648">
     <span class='ocr_line' id='line_1_1' title="bbox 1319 539 2721 648; baseline 0 -24"><span class='ocrx_word' id='word_1_1' title='bbox 1319 539 2721 648; x_wconf 61' lang='lat' dir='ltr'>trra-enouxwrus</span> 
     </span>
    </p>
   </div>
   <div class='ocr_carea' id='block_1_2' title="bbox 823 764 3011 1496">
    <p class='ocr_par' dir='ltr' id='par_1_2' title="bbox 839 764 2719 863">
     <span class='ocr_line' id='line_1_2' title="bbox 839 764 2719 863; baseline -0.002 -19"><span class='ocrx_word' id='word_1_2' title='bbox 839 765 1084 844; x_wconf 83' lang='lat' dir='ltr'>Corda</span> <span class='ocrx_word' id='word_1_3' title='bbox 1131 764 1603 863; x_wconf 63' lang='lat' dir='ltr'>Neoptolemi</span> <span class='ocrx_word' id='word_1_4' title='bbox 1651 765 1882 856; x_wconf 77' lang='lat' dir='ltr'>dulcis</span> <span class='ocrx_word' id='word_1_5' title='bbox 1931 779 2055 844; x_wconf 85' lang='lat' dir='ltr'>tua</span> <span class='ocrx_word' id='word_1_6' title='bbox 2101 765 2336 842; x_wconf 79' lang='lat' dir='ltr'>forma</span> <span class='ocrx_word' id='word_1_7' title='bbox 2379 765 2665 842; x_wconf 82' lang='lat' dir='ltr'>domare</span> <span class='ocrx_word' id='word_1_8' title='bbox 2690 816 2719 858; x_wconf 88' lang='lat'><strong>,</strong></span> 
     </span>
    </p>

    <p class='ocr_par' dir='ltr' id='par_1_3' title="bbox 835 891 2770 1118">
     <span class='ocr_line' id='line_1_3' title="bbox 835 891 2770 996; baseline -0.003 -25"><span class='ocrx_word' id='word_1_9' title='bbox 835 897 1064 991; x_wconf 87' lang='lat' dir='ltr'><strong>Ipfius</strong></span> <span class='ocrx_word' id='word_1_10' title='bbox 1111 909 1193 970; x_wconf 89' lang='lat' dir='ltr'>ut</span> <span class='ocrx_word' id='word_1_11' title='bbox 1245 894 1650 996; x_wconf 59' lang='lat' dir='ltr'>quondam,</span> <span class='ocrx_word' id='word_1_12' title='bbox 1699 893 1815 968; x_wconf 87' lang='lat' dir='ltr'>cui</span> <span class='ocrx_word' id='word_1_13' title='bbox 1860 909 1942 970; x_wconf 91' lang='lat' dir='ltr'>tu</span> <span class='ocrx_word' id='word_1_14' title='bbox 1991 895 2078 970; x_wconf 89' lang='lat' dir='ltr'>fis</span> <span class='ocrx_word' id='word_1_15' title='bbox 2127 891 2450 986; x_wconf 56' lang='lat' dir='ltr'>victima,</span> <span class='ocrx_word' id='word_1_16' title='bbox 2498 908 2770 990; x_wconf 81' lang='lat' dir='ltr'>patrem</span> 
     </span>
     <span class='ocr_line' id='line_1_4' title="bbox 835 1019 2569 1118; baseline -0.001 -21"><span class='ocrx_word' id='word_1_17' title='bbox 835 1022 1188 1097; x_wconf 83' lang='lat' dir='ltr'>Traxerat</span> <span class='ocrx_word' id='word_1_18' title='bbox 1236 1019 1312 1094; x_wconf 89' lang='lat' dir='ltr'>in</span> <span class='ocrx_word' id='word_1_19' title='bbox 1357 1020 1642 1095; x_wconf 87' lang='lat' dir='ltr'>minime</span> <span class='ocrx_word' id='word_1_20' title='bbox 1688 1021 1996 1118; x_wconf 81' lang='lat' dir='ltr'>speratae</span> <span class='ocrx_word' id='word_1_21' title='bbox 2042 1025 2218 1096; x_wconf 87' lang='lat' dir='ltr'>retia</span> <span class='ocrx_word' id='word_1_22' title='bbox 2267 1021 2569 1114; x_wconf 82' lang='lat' dir='ltr'>mortis3</span> 
     </span>
    </p>

    <p class='ocr_par' dir='ltr' id='par_1_4' title="bbox 837 1145 3011 1372">
     <span class='ocr_line' id='line_1_5' title="bbox 841 1145 3011 1248; baseline -0.001 -25"><span class='ocrx_word' id='word_1_23' title='bbox 841 1150 1024 1248; x_wconf 85' lang='lat' dir='ltr'>Juro</span> <span class='ocrx_word' id='word_1_24' title='bbox 1073 1147 1196 1222; x_wconf 86' lang='lat' dir='ltr'>sed</span> <span class='ocrx_word' id='word_1_25' title='bbox 1247 1145 1430 1222; x_wconf 80' lang='lat' dir='ltr'>hanc</span> <span class='ocrx_word' id='word_1_26' title='bbox 1477 1147 1694 1244; x_wconf 85' lang='lat' dir='ltr'>ipsam</span> <span class='ocrx_word' id='word_1_27' title='bbox 1713 1197 1747 1241; x_wconf 9' lang='grc' dir='ltr'>,Α</span> <span class='ocrx_word' id='word_1_28' title='bbox 1793 1169 1978 1246; x_wconf 89' lang='lat' dir='ltr'>quae</span> <span class='ocrx_word' id='word_1_29' title='bbox 2023 1147 2254 1245; x_wconf 85' lang='lat' dir='ltr'><strong>fulget</strong></span> <span class='ocrx_word' id='word_1_30' title='bbox 2301 1147 2378 1224; x_wconf 90' lang='lat' dir='ltr'>in</span> <span class='ocrx_word' id='word_1_31' title='bbox 2432 1167 2637 1238; x_wconf 85' lang='lat' dir='ltr'>aere,</span> <span class='ocrx_word' id='word_1_32' title='bbox 2682 1145 3011 1244; x_wconf 84' lang='lat' dir='ltr'>figuram:</span> 
     </span>
     <span class='ocr_line' id='line_1_6' title="bbox 837 1271 2582 1372; baseline -0.002 -22"><span class='ocrx_word' id='word_1_33' title='bbox 837 1276 914 1350; x_wconf 81' lang='lat' dir='ltr'>Si</span> <span class='ocrx_word' id='word_1_34' title='bbox 965 1273 1122 1350; x_wconf 86' lang='lat' dir='ltr'>talis</span> <span class='ocrx_word' id='word_1_35' title='bbox 1169 1273 1546 1370; x_wconf 62' lang='lat' dir='ltr'>conspecta</span> <span class='ocrx_word' id='word_1_36' title='bbox 1592 1273 1835 1366; x_wconf 84' lang='lat' dir='ltr'>fores,</span> <span class='ocrx_word' id='word_1_37' title='bbox 1887 1292 1957 1350; x_wconf 88' lang='lat' dir='ltr'>te</span> <span class='ocrx_word' id='word_1_38' title='bbox 2005 1273 2312 1372; x_wconf 85' lang='lat' dir='ltr'>conjuge</span> <span class='ocrx_word' id='word_1_39' title='bbox 2365 1271 2582 1349; x_wconf 58' lang='lat' dir='ltr'>duffii</span> 
     </span>
    </p>

    <p class='ocr_par' dir='ltr' id='par_1_5' title="bbox 823 1397 2822 1496">
     <span class='ocr_line' id='line_1_7' title="bbox 823 1397 2822 1496; baseline -0.002 -18"><span class='ocrx_word' id='word_1_40' title='bbox 823 1403 1138 1496; x_wconf 82' lang='lat' dir='ltr'><strong>Pyrrhus</strong></span> <span class='ocrx_word' id='word_1_41' title='bbox 1191 1403 1556 1478; x_wconf 81' lang='lat' dir='ltr'>Achilleae</span> <span class='ocrx_word' id='word_1_42' title='bbox 1605 1403 1921 1478; x_wconf 86' lang='lat' dir='ltr'>monitus</span> <span class='ocrx_word' id='word_1_43' title='bbox 1969 1415 2463 1478; x_wconf 87' lang='lat' dir='ltr'>contemneret</span> <span class='ocrx_word' id='word_1_44' title='bbox 2506 1397 2822 1476; x_wconf 83' lang='lat' dir='ltr'>umbrae.</span> 
     </span>
    </p>
   </div>
   <div class='ocr_carea' id='block_1_3' title="bbox 1425 1659 2589 1758">
    <p class='ocr_par' dir='ltr' id='par_1_6' title="bbox 1425 1659 2589 1758">
     <span class='ocr_line' id='line_1_8' title="bbox 1425 1659 2589 1758; baseline 0.003 -24"><span class='ocrx_word' id='word_1_45' title='bbox 1425 1659 1854 1737; x_wconf 75' lang='lat' dir='ltr'><strong>xxxvl.</strong></span> <span class='ocrx_word' id='word_1_46' title='bbox 1918 1659 2030 1735; x_wconf 75' lang='lat' dir='ltr'>De</span> <span class='ocrx_word' id='word_1_47' title='bbox 2081 1659 2294 1758; x_wconf 78' lang='lat' dir='ltr'>Ajace</span> <span class='ocrx_word' id='word_1_48' title='bbox 2344 1659 2589 1739; x_wconf 64' lang='lat' dir='ltr'>Locrm</span> 
     </span>
    </p>
   </div>
   <div class='ocr_carea' id='block_1_4' title="bbox 823 1917 2697 2647">
    <p class='ocr_par' dir='ltr' id='par_1_7' title="bbox 823 1917 2697 2647">
     <span class='ocr_line' id='line_1_9' title="bbox 833 1917 2545 2017; baseline 0 -25"><span class='ocrx_word' id='word_1_49' title='bbox 833 1917 1040 2017; x_wconf 87' lang='lat' dir='ltr'>Juvit</span> <span class='ocrx_word' id='word_1_50' title='bbox 1093 1917 1166 1991; x_wconf 80' lang='lat'>&amp;</span> <span class='ocrx_word' id='word_1_51' title='bbox 1220 1918 1510 2014; x_wconf 82' lang='lat' dir='ltr'>Ajacem</span> <span class='ocrx_word' id='word_1_52' title='bbox 1559 1917 1982 2014; x_wconf 83' lang='lat' dir='ltr'>generosum</span> <span class='ocrx_word' id='word_1_53' title='bbox 2033 1919 2308 2011; x_wconf 84' lang='lat' dir='ltr'>visere,</span> <span class='ocrx_word' id='word_1_54' title='bbox 2360 1917 2545 1994; x_wconf 80' lang='lat' dir='ltr'>sevit</span> 
     </span>
     <span class='ocr_line' id='line_1_10' title="bbox 829 2044 2697 2146; baseline 0.002 -28"><span class='ocrx_word' id='word_1_55' title='bbox 829 2049 1064 2146; x_wconf 79' lang='lat' dir='ltr'>Quem</span> <span class='ocrx_word' id='word_1_56' title='bbox 1115 2044 1380 2140; x_wconf 83' lang='lat' dir='ltr'>fortis,</span> <span class='ocrx_word' id='word_1_57' title='bbox 1427 2048 1668 2122; x_wconf 80' lang='lat' dir='ltr'>tutela.</span> <span class='ocrx_word' id='word_1_58' title='bbox 1702 2047 1974 2122; x_wconf 84' lang='lat' dir='ltr'>Locrae</span> <span class='ocrx_word' id='word_1_59' title='bbox 2026 2045 2334 2140; x_wconf 84' lang='lat' dir='ltr'>telluris,</span> <span class='ocrx_word' id='word_1_60' title='bbox 2388 2045 2697 2139; x_wconf 76' lang='lat' dir='ltr'>Oileus,</span> 
     </span>
     <span class='ocr_line' id='line_1_11' title="bbox 829 2147 2623 2267; baseline 0 -21"><span class='ocrx_word' id='word_1_61' title='bbox 829 2173 1164 2265; x_wconf 84' lang='lat' dir='ltr'>Integer,</span> <span class='ocrx_word' id='word_1_62' title='bbox 1213 2171 1288 2244; x_wconf 88' lang='lat' dir='ltr'>in</span> <span class='ocrx_word' id='word_1_63' title='bbox 1338 2147 1574 2266; x_wconf 81' lang='lat' dir='ltr'>primo</span> <span class='ocrx_word' id='word_1_64' title='bbox 1621 2171 1962 2248; x_wconf 83' lang='lat' dir='ltr'>vernabat</span> <span class='ocrx_word' id='word_1_65' title='bbox 2007 2173 2186 2246; x_wconf 77' lang='lat' dir='ltr'>fl&#39;ore</span> <span class='ocrx_word' id='word_1_66' title='bbox 2233 2169 2569 2267; x_wconf 67' lang='lat' dir='ltr'>Juitentae</span> <span class='ocrx_word' id='word_1_67' title='bbox 2593 2224 2623 2265; x_wconf 86' lang='lat'><strong>,</strong></span> 
     </span>
     <span class='ocr_line' id='line_1_12' title="bbox 823 2295 2473 2396; baseline -0.001 -24"><span class='ocrx_word' id='word_1_68' title='bbox 823 2295 1146 2372; x_wconf 86' lang='lat' dir='ltr'>Vestitus</span> <span class='ocrx_word' id='word_1_69' title='bbox 1195 2309 1438 2370; x_wconf 84' lang='lat' dir='ltr'>tenera</span> <span class='ocrx_word' id='word_1_70' title='bbox 1489 2296 1804 2373; x_wconf 87' lang='lat' dir='ltr'>nondum</span> <span class='ocrx_word' id='word_1_71' title='bbox 1855 2298 2193 2396; x_wconf 70' lang='lat' dir='ltr'>lanugine</span> <span class='ocrx_word' id='word_1_72' title='bbox 2237 2301 2473 2374; x_wconf 81' lang='lat' dir='ltr'>malas.</span> 
     </span>
     <span class='ocr_line' id='line_1_13' title="bbox 833 2421 2585 2522; baseline 0.001 -26"><span class='ocrx_word' id='word_1_73' title='bbox 833 2424 1054 2496; x_wconf 79' lang='lat' dir='ltr'>Arma</span> <span class='ocrx_word' id='word_1_74' title='bbox 1099 2423 1408 2516; x_wconf 83' lang='lat' dir='ltr'>procu13</span> <span class='ocrx_word' id='word_1_75' title='bbox 1459 2421 1581 2496; x_wconf 89' lang='lat' dir='ltr'>sed</span> <span class='ocrx_word' id='word_1_76' title='bbox 1628 2425 1724 2497; x_wconf 90' lang='lat' dir='ltr'>fic</span> <span class='ocrx_word' id='word_1_77' title='bbox 1775 2422 1984 2498; x_wconf 85' lang='lat' dir='ltr'>etiam</span> <span class='ocrx_word' id='word_1_78' title='bbox 2031 2425 2336 2522; x_wconf 84' lang='lat' dir='ltr'>(fiducia</span> <span class='ocrx_word' id='word_1_79' title='bbox 2381 2439 2585 2500; x_wconf 83' lang='lat' dir='ltr'>tanta·</span> 
     </span>
     <span class='ocr_line' id='line_1_14' title="bbox 837 2543 2625 2647; baseline 0.004 -24"><span class='ocrx_word' id='word_1_80' title='bbox 837 2543 1236 2643; x_wconf 84' lang='lat' dir='ltr'>Corporis)</span> <span class='ocrx_word' id='word_1_81' title='bbox 1283 2549 1562 2647; x_wconf 79' lang='lat' dir='ltr'>ingenti</span> <span class='ocrx_word' id='word_1_82' title='bbox 1607 2549 1872 2626; x_wconf 79' lang='lat' dir='ltr'>bellum</span> <span class='ocrx_word' id='word_1_83' title='bbox 1917 2552 2230 2628; x_wconf 77' lang='lat' dir='ltr'>clamore</span> <span class='ocrx_word' id='word_1_84' title='bbox 2279 2553 2625 2630; x_wconf 76' lang='lat' dir='ltr'>vocabat.-</span> 
     </span>
    </p>
   </div>
   <div class='ocr_carea' id='block_1_5' title="bbox 830 2777 2651 3296">
    <p class='ocr_par' dir='ltr' id='par_1_8' title="bbox 830 2777 2651 3296">
     <span class='ocr_line' id='line_1_15' title="bbox 1547 2777 2464 2899; baseline 0.004 -17"><span class='ocrx_word' id='word_1_85' title='bbox 1547 2777 1862 2884; x_wconf 73' lang='lat' dir='ltr'><strong>xxvl</strong></span> <span class='ocrx_word' id='word_1_86' title='bbox 1885 2809 1946 2884; x_wconf 91' lang='lat'>1.</span> <span class='ocrx_word' id='word_1_87' title='bbox 2013 2805 2125 2882; x_wconf 70' lang='grc' dir='ltr'>οι</span> <span class='ocrx_word' id='word_1_88' title='bbox 2174 2809 2464 2899; x_wconf 53' lang='grc' dir='ltr'>Βατία.</span> 
     </span>
     <span class='ocr_line' id='line_1_16' title="bbox 833 3060 2507 3165; baseline 0.001 -23"><span class='ocrx_word' id='word_1_89' title='bbox 833 3066 1026 3142; x_wconf 87' lang='lat' dir='ltr'>Ecce</span> <span class='ocrx_word' id='word_1_90' title='bbox 1078 3060 1366 3160; x_wconf 87' lang='lat' dir='ltr'>pudens·</span> <span class='ocrx_word' id='word_1_91' title='bbox 1411 3064 1552 3141; x_wconf 85' lang='lat' dir='ltr'>alio</span> <span class='ocrx_word' id='word_1_92' title='bbox 1595 3064 1908 3141; x_wconf 85' lang='lat' dir='ltr'>divertit·</span> <span class='ocrx_word' id='word_1_93' title='bbox 1936 3068 2208 3145; x_wconf 81' lang='lat' dir='ltr'>lumina</span> <span class='ocrx_word' id='word_1_94' title='bbox 2251 3067 2507 3165; x_wconf 77' lang='lat' dir='ltr'>pastor·</span> 
     </span>
     <span class='ocr_line' id='line_1_17' title="bbox 830 3191 2651 3296; baseline 0.002 -33"><span class='ocrx_word' id='word_1_95' title='bbox 830 3191 1106 3285; x_wconf 79' lang='lat' dir='ltr'>Captus</span> <span class='ocrx_word' id='word_1_96' title='bbox 1154 3210 1394 3264; x_wconf 86' lang='lat' dir='ltr'>amore</span> <span class='ocrx_word' id='word_1_97' title='bbox 1441 3212 1688 3266; x_wconf 83' lang='lat' dir='ltr'>novo:</span> <span class='ocrx_word' id='word_1_98' title='bbox 1737 3212 1876 3267; x_wconf 85' lang='lat' dir='ltr'>nec</span> <span class='ocrx_word' id='word_1_99' title='bbox 1921 3192 2218 3296; x_wconf 73' lang='lat' dir='ltr'>sustinet</span> <span class='ocrx_word' id='word_1_100' title='bbox 2265 3215 2392 3269; x_wconf 88' lang='lat' dir='ltr'>ore</span> <span class='ocrx_word' id='word_1_101' title='bbox 2440 3192 2651 3269; x_wconf 70' lang='lat' dir='ltr'>tueri‘</span> 
     </span>
    </p>
   </div>
   <div class='ocr_carea' id='block_1_6' title="bbox 823 3286 2967 3415">
    <p class='ocr_par' dir='ltr' id='par_1_9' title="bbox 823 3286 2967 3415">
     <span class='ocr_line' id='line_1_18' title="bbox 823 3286 2967 3415; baseline -0.002 -22"><span class='ocrx_word' id='word_1_102' title='bbox 823 3318 1195 3393; x_wconf 80' lang='lat' dir='ltr'>Oenonen.</span> <span class='ocrx_word' id='word_1_103' title='bbox 1233 3315 1582 3391; x_wconf 81' lang='lat' dir='ltr'>madidam</span> <span class='ocrx_word' id='word_1_104' title='bbox 1623 3315 2006 3413; x_wconf 76' lang='lat' dir='ltr'>lachrymis</span> <span class='ocrx_word' id='word_1_105' title='bbox 2065 3286 2471 3395; x_wconf 73' lang='lat' dir='ltr'>Cebrenida</span> <span class='ocrx_word' id='word_1_106' title='bbox 2524 3316 2967 3415; x_wconf 65' lang='lat' dir='ltr'>Nympham</span> 
     </span>
    </p>
   </div>
   <div class='ocr_carea' id='block_1_7' title="bbox 1438 3570 2517 3652">
    <p class='ocr_par' dir='ltr' id='par_1_10' title="bbox 1438 3570 2517 3652">
     <span class='ocr_line' id='line_1_19' title="bbox 1438 3570 2517 3652; baseline 0.002 -5"><span class='ocrx_word' id='word_1_107' title='bbox 1438 3570 1599 3647; x_wconf 85' lang='lat' dir='ltr'>XX</span> <span class='ocrx_word' id='word_1_108' title='bbox 1621 3573 1837 3650; x_wconf 89' lang='lat' dir='ltr'>XVI</span> <span class='ocrx_word' id='word_1_109' title='bbox 1860 3575 1978 3652; x_wconf 67' lang='lat'>11.</span> <span class='ocrx_word' id='word_1_110' title='bbox 2049 3572 2176 3651; x_wconf 76' lang='lat' dir='ltr'>De</span> <span class='ocrx_word' id='word_1_111' title='bbox 2224 3576 2517 3649; x_wconf 64' lang='lat' dir='ltr'>oenone.</span> 
     </span>
    </p>
   </div>
   <div class='ocr_carea' id='block_1_8' title="bbox 833 3827 2586 3927">
    <p class='ocr_par' dir='ltr' id='par_1_11' title="bbox 833 3827 2586 3927">
     <span class='ocr_line' id='line_1_20' title="bbox 833 3827 2586 3927; baseline 0.001 -21"><span class='ocrx_word' id='word_1_112' title='bbox 833 3832 1186 3906; x_wconf 87' lang='lat' dir='ltr'>Oenones·</span> <span class='ocrx_word' id='word_1_113' title='bbox 1229 3828 1360 3905; x_wconf 88' lang='lat' dir='ltr'>sub</span> <span class='ocrx_word' id='word_1_114' title='bbox 1411 3827 1628 3903; x_wconf 85' lang='lat' dir='ltr'>corde</span> <span class='ocrx_word' id='word_1_115' title='bbox 1679 3850 1930 3927; x_wconf 84' lang='lat' dir='ltr'>graves</span> <span class='ocrx_word' id='word_1_116' title='bbox 1979 3832 2398 3908; x_wconf 77' lang='lat' dir='ltr'>accenderat</span> <span class='ocrx_word' id='word_1_117' title='bbox 2444 3832 2586 3907; x_wconf 81' lang='lat' dir='ltr'>iras</span> 
     </span>
    </p>
   </div>
   <div class='ocr_carea' id='block_1_9' title="bbox 691 3957 2763 4053">
    <p class='ocr_par' dir='ltr' id='par_1_12' title="bbox 691 3957 2763 4053">
     <span class='ocr_line' id='line_1_21' title="bbox 691 3957 2763 4053; baseline -0.001 -22"><span class='ocrx_word' id='word_1_118' title='bbox 691 4000 712 4009; x_wconf 90' lang='lat'>-</span> <span class='ocrx_word' id='word_1_119' title='bbox 830 3957 1128 4053; x_wconf 80' lang='lat' dir='ltr'>spretus</span> <span class='ocrx_word' id='word_1_120' title='bbox 1174 3976 1418 4031; x_wconf 85' lang='lat' dir='ltr'>amor:</span> <span class='ocrx_word' id='word_1_121' title='bbox 1471 3957 1720 4030; x_wconf 82' lang='lat' dir='ltr'>furtim</span> <span class='ocrx_word' id='word_1_122' title='bbox 1769 3959 2086 4035; x_wconf 87' lang='lat' dir='ltr'>violenta</span> <span class='ocrx_word' id='word_1_123' title='bbox 2136 3959 2541 4035; x_wconf 82' lang='lat' dir='ltr'>furentibus</span> <span class='ocrx_word' id='word_1_124' title='bbox 2594 3974 2763 4031; x_wconf 87' lang='lat' dir='ltr'>ecce</span> 
     </span>
    </p>
   </div>
   <div class='ocr_carea' id='block_1_10' title="bbox 831 4081 2845 4309">
    <p class='ocr_par' dir='ltr' id='par_1_13' title="bbox 831 4081 2845 4309">
     <span class='ocr_line' id='line_1_22' title="bbox 833 4081 2845 4178; baseline -0.004 -21"><span class='ocrx_word' id='word_1_125' title='bbox 833 4084 1256 4159; x_wconf 83' lang='lat' dir='ltr'>Luminibus</span> <span class='ocrx_word' id='word_1_126' title='bbox 1304 4081 1572 4178; x_wconf 63' lang='lat' dir='ltr'>spectat</span> <span class='ocrx_word' id='word_1_127' title='bbox 1618 4084 1871 4175; x_wconf 85' lang='lat' dir='ltr'>Parin,</span> <span class='ocrx_word' id='word_1_128' title='bbox 1926 4082 2000 4158; x_wconf 76' lang='grc' dir='ltr'>δι</span> <span class='ocrx_word' id='word_1_129' title='bbox 2052 4084 2198 4159; x_wconf 87' lang='lat' dir='ltr'>fine</span> <span class='ocrx_word' id='word_1_130' title='bbox 2252 4082 2845 4171; x_wconf 82' lang='lat' dir='ltr'>voce-minatur,.</span> 
     </span>
     <span class='ocr_line' id='line_1_23' title="bbox 831 4208 2561 4309; baseline 0 -24"><span class='ocrx_word' id='word_1_131' title='bbox 831 4210 1100 4305; x_wconf 90' lang='lat' dir='ltr'>Rejicit</span> <span class='ocrx_word' id='word_1_132' title='bbox 1145 4208 1446 4285; x_wconf 88' lang='lat' dir='ltr'>infidum</span> <span class='ocrx_word' id='word_1_133' title='bbox 1493 4230 1741 4288; x_wconf 79' lang='lat' dir='ltr'>manus</span> <span class='ocrx_word' id='word_1_134' title='bbox 1773 4210 2180 4309; x_wconf 81' lang='lat' dir='ltr'>indignata--</span> <span class='ocrx_word' id='word_1_135' title='bbox 2205 4210 2561 4287; x_wconf 82' lang='lat' dir='ltr'>maritum.</span> 
     </span>
    </p>
   </div>
   <div class='ocr_carea' id='block_1_11' title="bbox 1245 4464 2777 4558">
    <p class='ocr_par' dir='ltr' id='par_1_14' title="bbox 1245 4464 2777 4558">
     <span class='ocr_line' id='line_1_24' title="bbox 1245 4464 2777 4558; baseline 0.001 -17"><span class='ocrx_word' id='word_1_136' title='bbox 1245 4464 1408 4543; x_wconf 91' lang='lat' dir='ltr'>XX</span> <span class='ocrx_word' id='word_1_137' title='bbox 1433 4468 1559 4543; x_wconf 83' lang='lat' dir='ltr'>XI</span> <span class='ocrx_word' id='word_1_138' title='bbox 1581 4470 1674 4545; x_wconf 89' lang='lat' dir='ltr'>X.</span> <span class='ocrx_word' id='word_1_139' title='bbox 1741 4468 1854 4543; x_wconf 75' lang='lat' dir='ltr'>De</span> <span class='ocrx_word' id='word_1_140' title='bbox 1902 4469 2213 4543; x_wconf 63' lang='lat' dir='ltr'>luz-‘latore</span> <span class='ocrx_word' id='word_1_141' title='bbox 2265 4468 2605 4542; x_wconf 73' lang='lat' dir='ltr'>incertum·</span> <span class='ocrx_word' id='word_1_142' title='bbox 2636 4483 2777 4558; x_wconf 75' lang='lat' dir='ltr'>quo·</span> 
     </span>
    </p>
   </div>
   <div class='ocr_carea' id='block_1_12' title="bbox 827 4633 3049 5040">
    <p class='ocr_par' dir='ltr' id='par_1_15' title="bbox 827 4633 3049 5040">
     <span class='ocr_line' id='line_1_25' title="bbox 827 4633 2815 4777; baseline -0.002 -15"><span class='ocrx_word' id='word_1_143' title='bbox 827 4688 1020 4763; x_wconf 83' lang='lat' dir='ltr'>Ecce</span> <span class='ocrx_word' id='word_1_144' title='bbox 1073 4686 1184 4763; x_wconf 89' lang='lat' dir='ltr'>vir</span> <span class='ocrx_word' id='word_1_145' title='bbox 1233 4690 1546 4766; x_wconf 67' lang='lat' dir='ltr'>invictus</span> <span class='ocrx_word' id='word_1_146' title='bbox 1593 4690 1778 4765; x_wconf 87' lang='lat' dir='ltr'>duro</span> <span class='ocrx_word' id='word_1_147' title='bbox 1837 4692 2219 4767; x_wconf 86' lang='lat' dir='ltr'>certamine</span> <span class='ocrx_word' id='word_1_148' title='bbox 2263 4633 2546 4777; x_wconf 51' lang='lat' dir='ltr'>luciae,</span> <span class='ocrx_word' id='word_1_149' title='bbox 2664 4726 2685 4734; x_wconf 95' lang='lat'>-</span> <span class='ocrx_word' id='word_1_150' title='bbox 2808 4682 2815 4691; x_wconf 84' lang='lat'>&#39;</span> 
     </span>
     <span class='ocr_line' id='line_1_26' title="bbox 829 4808 3049 4919; baseline -0.001 -29"><span class='ocrx_word' id='word_1_151' title='bbox 829 4816 1000 4891; x_wconf 86' lang='lat' dir='ltr'>Sive</span> <span class='ocrx_word' id='word_1_152' title='bbox 1048 4816 1168 4887; x_wconf 86' lang='lat' dir='ltr'>ille</span> <span class='ocrx_word' id='word_1_153' title='bbox 1214 4815 1316 4890; x_wconf 89' lang='lat' dir='ltr'>est</span> <span class='ocrx_word' id='word_1_154' title='bbox 1381 4819 1620 4893; x_wconf 82' lang='lat' dir='ltr'>valido</span> <span class='ocrx_word' id='word_1_155' title='bbox 1667 4816 1876 4919; x_wconf 80' lang='lat' dir='ltr'>Philo</span> <span class='ocrx_word' id='word_1_156' title='bbox 1925 4836 2279 4911; x_wconf 89' lang='lat' dir='ltr'>corpore,</span> <span class='ocrx_word' id='word_1_157' title='bbox 2329 4814 2477 4890; x_wconf 86' lang='lat' dir='ltr'>five</span> <span class='ocrx_word' id='word_1_158' title='bbox 2528 4808 2965 4888; x_wconf 83' lang='lat' dir='ltr'>Philammon</span> <span class='ocrx_word' id='word_1_159' title='bbox 2983 4856 3049 4901; x_wconf 85' lang='lat'>,-</span> 
     </span>
     <span class='ocr_line' id='line_1_27' title="bbox 829 4937 2811 5040; baseline -0.003 -23"><span class='ocrx_word' id='word_1_160' title='bbox 829 4940 972 5018; x_wconf 80' lang='lat' dir='ltr'>Seu</span> <span class='ocrx_word' id='word_1_161' title='bbox 1022 4942 1303 5019; x_wconf 83' lang='lat' dir='ltr'>Siculae</span> <span class='ocrx_word' id='word_1_162' title='bbox 1355 4944 1624 5021; x_wconf 83' lang='lat' dir='ltr'>telluris</span> <span class='ocrx_word' id='word_1_163' title='bbox 1671 4940 1909 5022; x_wconf 77' lang='lat' dir='ltr'>honos</span> <span class='ocrx_word' id='word_1_164' title='bbox 1951 4942 2144 5020; x_wconf 88' lang='lat' dir='ltr'>Milo</span> <span class='ocrx_word' id='word_1_165' title='bbox 2162 4997 2191 5040; x_wconf 88' lang='lat'><strong>,</strong></span> <span class='ocrx_word' id='word_1_166' title='bbox 2239 4941 2439 5021; x_wconf 81' lang='lat' dir='ltr'>norit</span> <span class='ocrx_word' id='word_1_167' title='bbox 2486 4937 2763 5039; x_wconf 80' lang='lat' dir='ltr'>Apollo</span> <span class='ocrx_word' id='word_1_168' title='bbox 2786 4960 2811 5012; x_wconf 69' lang='lat' dir='ltr'>a</span> 
     </span>
    </p>
   </div>
   <div class='ocr_carea' id='block_1_13' title="bbox 3256 565 3410 648">
    <p class='ocr_par' dir='ltr' id='par_1_16' title="bbox 3256 565 3410 648">
     <span class='ocr_line' id='line_1_28' title="bbox 3256 565 3410 648; baseline 0 -22"><span class='ocrx_word' id='word_1_169' title='bbox 3256 565 3410 648; x_wconf 66' lang='lat'>⁸3·</span> 
     </span>
    </p>
   </div>
   <div class='ocr_carea' id='block_1_14' title="bbox 3165 5053 3361 5135">
    <p class='ocr_par' dir='ltr' id='par_1_17' title="bbox 3165 5053 3361 5135">
     <span class='ocr_line' id='line_1_29' title="bbox 3165 5053 3361 5135; baseline -0.01 0"><span class='ocrx_word' id='word_1_170' title='bbox 3165 5053 3361 5135; x_wconf 77' lang='lat' dir='ltr'>Nam</span> 
     </span>
    </p>
   </div>
  </div>
 </body>
</html>
