4775 6000
1119 557 2010 641 MANTISSA
2115 559 2791 644 TE‘RT-IA.

790 785 1213 864 Frondifera
1262 787 1338 864 in
1389 782 1634 864 Lesbo
1656 839 1684 876 ‚
1735 786 1992 862 morbo
2040 803 2415 886 correptus
2440 843 2467 881 ,
2526 787 2722 866 obivi
2742 842 2771 883 ,

886 915 1068 990 Non
1116 915 1376 990 iterum
1421 911 1522 986 est
1575 911 1900 1006 Ephesus
1948 933 2104 988 cara
2155 914 2463 992 videnda
2506 917 2705 996 mihi.

785 1043 1060 1118 Attulit
1105 1038 1194 1112 ad
1243 1038 1538 1112 miseros
1583 1037 1724 1112 heu
1770 1037 2008 1115 fratris
2057 1060 2217 1116 cura
2265 1058 2597 1138 parentes

877 1167 1330 1264 Relliquias‚
1383 1165 1678 1261 pelagus
1732 1185 1914 1240 nave
1949 1155 2296 1261 secante,
2346 1191 2562 1247 meas.

736 1296 1006 1394 ‚Nunc
1057 1294 1472 1368 Acheronte
1525 1291 1786 1384 procul
1836 1290 2100 1362 sacrata
2155 1294 2513 1368 Heroibus
2564 1315 2733 1372 arva

872 1419 1109 1518 (Nam
1157 1418 1320 1494 finis
1371 1414 1626 1490 dostos
1678 1416 1950 1512 excipit
1998 1413 2176 1512 iste)
2226 1417 2418 1492 coro,

1463 1673 1634 1770 pag.
1701 1674 2239 1751 mxxxvi.
2310 1697 2385 1772 9.

776 1901 896 1977 Ad
945 1901 1145 1995 nigra
1196 1897 1687 1994 Persephones
1732 1898 1973 1971 trahor
2027 1917 2198 1970 ecce
2250 1895 2556 1970 cubilia=
2606 1899 2905 1997 caeptus?

878 2029 1036 2124 Jam
1083 2026 1256 2100 mihi
1301 2023 1464 2122 post
1515 2023 1866 2098 decimum
1917 2023 2250 2117 septimus
2295 2041 2527 2098 annus
2574 2041 2746 2102 erat.

773 2155 894 2228 Sic
947 2155 1180 2230 voluit
1224 2151 1450 2225 fatum
1495 2149 1839 2229 brevibus
1889 2171 2000 2222 me
2048 2150 2356 2224 flexibus
2416 2147 2491 2221 &
2540 2168 2692 2226 non

861 2283 1118 2375 Longa
1167 2274 1543 2350 senee’mtis
1597 2293 1876 2346 currere
1927 2295 2058 2366 per
2107 2275 2409 2402 spatia.

776 2409 1059 2484 Pubere
1113 2404 1234 2477 vix
1280 2403 1546 2476 florens
1593 2420 1778 2474 aevo
1827 2365 2268 2492 Dionyfius,
2315 2413 2539 2496 atque

870 2532 1232 2606 Musarum
1278 2526 1522 2617 foliis,
1575 2525 1668 2598 ad
1711 2526 1874 2598 loca
1917 2523 2114 2600 Ditis
2163 2547 2291 2602 eo.

755 2656 1032 2735 Parcite
1077 2656 1214 2750 jam
1263 2652 1692 2746 lachrymis„
1742 2673 1930 2742 oro5
1967 2666 2378 2752 materque,
2427 2669 2817 2754 paterque..

867 2781 1238 2857 Clauserat
1266 2779 1426 2853 hoc
1480 2775 1694 2852 vitam
1742 2779 1964 2882 lipite
2013 2778 2234 2856 Parca
2278 2799 2539 2858 meam..
2592 2845 2599 2852 .

1427 3042 1598 3139 Pag,
1666 3040 2212 3119 MXXXIX.
2289 3062 2415 3159 19.

751 3265 900 3341 Hic·
941 3264 1142 3339 Bitto
1192 3263 1636 3358 Phaenisque
1709 3261 1913 3359 (vale
1985 3268 2117 3343 lux
2165 3263 2403 3361 alma)
2434 3266 2743 3363 jacemus
2774 3320 2805 3359 ‚
2870 3349 2875 3354 ,

845 3392 1199 3467 Lanarum
1251 3388 1538 3465 traarix
1591 3382 1934 3482 utraque,
1985 3410 2298 3487 pauper,
2346 3412 2572 3468 anus:

756 3501 955 3593 Coae
1003 3517 1360 3597 nobilibus
1407 3516 1721 3611 proavis.
1769 3534 1816 3588 ο
1866 3533 2063 3611 grata
2110 3516 2453 3611 lucerna,

841 3640 986 3719 Cui
1034 3664 1148 3721 res
1199 3640 1576 3718 semideum
1629 3638 1932 3719 diximus
1983 3658 2150 3716 ante
2199 3642 2429 3721 diem„

1650 3898 1972 3977 Ibidem.'
2030 3922 2060 3974 1
2085 3922 2152 3977 r.

734 4092 862 4167 Est
911 4092 1036 4190 qui
1085 4094 1526 4167 Mercurium
1579 4090 1810 4166 furem
1864 4090 2134 4169 furatus
2185 4096 2465 4173 abivitz·

831 4220 978 4295 Fur
1025 4220 1301 4314 audax,
1355 4221 1598 4295 furum
1650 4220 1788 4315 qui.
1829 4221 2154 4316 rapiebat
2189 4224 2482 4300 herum..

1415 4481 1582 4579 pag.
1654 4480 2185 4559 Mcxx1x.
2271 4503 2405 4561 11..
2500 4510 2505 4515 ’

732 4698 888 4771 Hac
938 4700 1123 4792 iacet
1171 4703 1422 4779 eximia
1474 4719 1690 4781 notus
1737 4708 2002 4803 pietate
2055 4708 2362 4807 fideque·

729 4823 1030 4901 Publius
1081 4830 1376 4923 Attejus
1422 4827 1686 4929 Capito
1740 4833 1996 4908 tellure
2048 4835 2429 4930 sepultus,-

645 5035 651 5043 ,
727 4950 915 5048 Quo·
951 4974 1190 5050 neque
1237 4972 1474 5033 mente
1530 4955 1757 5035 virum
1803 4958 2042 5033 fuerat
2091 4960 2565 5058 praestantior
2611 4962 2847 5059 alter-5.

1814 5086 1874 5161 F
1891 5085 1984 5163 ff
2029 5108 2086 5184 31

3167 585 3324 664 με

3092 5094 3259 5177 Nec
