4775 6000
1167 553 1314 665 fr
1389 549 1493 630 ,H
1591 547 1657 628 E
1759 547 1830 628 o
1933 546 2005 630 c
2099 549 2174 632 R
2259 467 2306 630 ⁶1
2407 551 2485 632 τ
2580 555 2937 668 etas
3256 583 3447 674 Μ,

975 1566 1754 1668 COMASTES;
1833 1562 2144 1652 s1VE
2225 1563 2931 1661 IDYLLION
2984 1575 3159 1662 111.

870 1976 1040 2126 Ibo
1094 2067 1314 2126 meam
1367 2048 1599 2124 visens
1652 2046 2136 2140 Amaryllida,
2189 2062 2436 2123 monte
2488 2053 2849 2146 capellae,

863 2177 1130 2252 Monte
1182 2195 1402 2274 vagae
1449 2178 1801 2271 pascunt,
1855 2174 1930 2246 δι
1975 2173 2122 2268 agit
2171 2173 2343 2248 mihi
2392 2175 2700 2268 Tityrus
2748 2181 2929 2256 illas.

865 2305 1177 2394 Tityre,
1231 2322 1382 2398 quo
1435 2301 1678 2375 nullus
1728 2299 1974 2394 potior
2023 2297 2242 2390 mihi,
2289 2297 2492 2394 pasce
2542 2302 2903 2394 capellas,

865 2427 967 2502 Et
1015 2442 1270 2524 potum
1317 2423 1544 2520 pastas
1593 2443 1771 2520 age,
1839 2423 2148 2517 Tityre,
2201 2423 2277 2500 δι
2319 2424 2509 2499 inter
2556 2427 2918 2524 agendum-

871 2553 1268 2631 Occursare
1322 2571 1586 2646 capro,
1636 2569 1864 2626 cornu
1913 2552 2082 2626 ferit
2127 2551 2300 2644 ille,
2351 2567 2633 2631 aveto»

865 2681 936 2757 Ο
994 2680 1342 2776 Amarylli
1385 2679 1652 2753 decens
1672 2727 1700 2768 ,
1749 2676 1926 2774 quin
1977 2675 2170 2768 hoc,
2211 2691 2292 2752 ut
2339 2697 2569 2772 nuper
2590 2729 2616 2768 ,
2664 2677 2755 2752 ad
2803 2695 3085 2761 antrum
3224 2721 3231 2728 ·

859 2809 991 2884 Me
1038 2807 1434 2885 transversa
1481 2805 1750 2897 tueris,
1800 2817 2320 2899 amatoremque
2365 2803 2629 2882 stlutas
2650 2805 2724 2880 2.

865 2939 990 3013 An
1038 2936 1170 3013 tibi
1217 2952 1418 3011 nunc
1463 2933 1674 3008 fimus
1723 2930 2016 3024 videor,
2065 2931 2533 3030 promiffaque
2585 2935 2881 3033 longum

863 3063 993 3141 Est
1040 3064 1212 3139 odio
1262 3061 1394 3139 tibi
1437 3060 1712 3137 barba?
1763 3062 1947 3134 mori
1991 3080 2104 3135 me
2155 3058 2470 3157 denique
2516 3080 2764 3159 coges.

867 3193 1112 3277 Aurea
1153 3190 1334 3265 mala
1381 3188 1632 3263 decem
1678 3186 1810 3263 tibi
1859 3208 2101 3280 nunc,
2145 3206 2291 3285 qua
2337 3203 2577 3283 carpta
2630 3191 2921 3269 volebas

863 3319 1192 3408 Arbore,
1245 3329 1486 3410 carpta
1531 3314 1745 3388 fero:
1793 3331 1948 3388 cras
1996 3314 2214 3387 altera
2263 3313 2507 3405 rursus
2560 3315 2873 3395 habebis.

865 3442 1108 3520 Cerne
1155 3443 1410 3539 quibus
1461 3460 1773 3515 macerer
1819 3439 2308 3515 moeroribus:
2364 3461 2413 3513 ο
2462 3438 2633 3513 mihi
2684 3458 2957 3521 tanturn

863 3573 944 3649 si
986 3574 1088 3649 fit·
1119 3590 1322 3668 apem
1373 3569 1576 3657 fieri,
1621 3582 1838 3665 atque
1890 3581 2090 3641 tuum
2132 3581 2505 3660 penetrare
2560 3568 2690 3643 sub
2738 3589 3063 3667 antrum,

864 3697 1003 3777 Per
1051 3698 1456 3795 filicemque
1504 3694 2028 3793 hederamque3
2075 3691 2340 3791 quibus
2389 3684 2713 3769 redimita
2758 3698 3110 3797 refulges!

861 3826 1088 3901 Nunc
1137 3826 1285 3902 scio
1332 3825 1507 3927 quid
1559 3825 1644 3899 fit
1689 3841 1930 3897 amor:
1981 3820 2214 3919 gravis
2260 3820 2362 3894 est
2416 3820 2657 3897 Deus:
2706 3824 2825 3898 ille
2873 3826 3167 3903 leaenae

863 3952 1230 4027 Uberibus
1279 3972 1644 4027 nemorum
1692 3968 1988 4046 propter
2039 3964 2376 4047 querceta
2426 3950 2815 4044 pependit3

870 4076 1020 4175 Qui
1067 4075 1239 4149 mihi
1288 4096 1482 4152 nunc
1528 4076 1683 4149 imis
1736 4076 2034 4169 flagrans
2087 4074 2346 4168 procul
2399 4074 2657 4153 offibus
2704 4068 2970 4157 haeret,

871 4203 1104 4300 Nigra
1151 4200 1588 4297 superciliis,
1639 4218 1912 4297 gratum
1965 4221 2146 4297 quae
2197 4184 2856 4296 Nympha'tueris,

871 4332 1066 4406 Tota
1111 4328 1336 4423 lapis,
1389 4330 1656 4403 circum
1704 4349 1816 4403 me
1866 4326 2218 4424 plcetere,
2270 4342 2354 4400 ut
2400 4328 2639 4403 oscula
2688 4330 2929 4407 sumas.

873 4457 1133 4532 Oscula
1181 4474 1363 4531 vana
1410 4456 1745 4553 quidem,
1793 4456 1913 4531 sed
1961 4456 2035 4530 in
2083 4455 2192 4529 his
2245 4474 2538 4551 quoque
2584 4458 2806 4529 multa
2854 4459 3217 4558 voluptas.

867 4584 1182 4680 Carpere
1229 4602 1343 4657 me
1391 4582 1610 4658 facies
1658 4586 1731 4659 in
1784 4600 2072 4659 centum
2121 4580 2341 4657 frusta
2389 4581 2729 4658 corollam
2756 4604 2783 4658 ι

864 4708 1116 4803 Hanc,
1167 4710 1559 4803 Amarylli,
1607 4712 1737 4786 tibi
1787 4712 2042 4785 servo:
2093 4730 2400 4808 namque
2448 4712 2599 4807 ipse
2650 4712 2910 4805 plicavi

865 4836 1204 4913 Errantes
1250 4836 1589 4929 hederas,
1638 4838 1922 4936 apiique
1969 4838 2366 4934 frequentis
2416 4838 2730 4917 odorem.

863 4962 1006 5038 Hei
1049 4963 1220 5037 mihi
1266 4982 1522 5062 quanta
1565 4965 1770 5041 miser
1821 4965 2052 5063 patior
2098 4966 2326 5040 malai
2374 4984 2456 5045 tu
2491 4967 2670 5049 nihil
2716 4968 2967 5047 audis!

3246 5100 3379 5182 Ibo
