4775 6000
1253 569 1806 658 ·LtnER
1911 461 2719 674 Quina-⁸11&

1391 895 1732 974 LVIII.
1799 892 1911 967 De
1952 892 2233 994 Apulejo
2281 895 2521 991 Mago.
2574 941 2583 976 ι

805 1187 1166 1262 Ausoniae
1213 1188 1468 1263 Musae
1515 1186 1700 1262 nulli
1749 1181 2104 1282 vulganda
2144 1183 2460 1276 profano

805 1314 1026 1408 Orgia
1072 1315 1446 1410 conspexit
1494 1314 1769 1408 sapiens
1825 1311 2222 1405 Apuleiae,
2274 1309 2638 1384 alumnum

793 1437 1050 1515 Imbuit
1099 1445 1369 1515 arcanis
1420 1438 1665 1517 studiis
1714 1459 1920 1535 quem
1969 1436 2276 1514 Romula
2330 1437 2562 1542 Siren..

1609 1727 1840 1805 LIX.
1905 1723 2017 1800 De
2065 1724 2322 1798 Diana.

788 1981 942 2059 Stat
991 1982 1266 2060 Phoebi
1313 2005 1691 2078 germana,
1740 1983 1930 2083 iugis
1981 1987 2241 2060 affueta
2283 1981 2653 2082 ferisque,

788 2109 964 2182 Non
1011 2131 1242 2182 arcum
1290 2109 1524 2183 Diana
1569 2127 1870 2203 gerenS,
1918 2124 2067 2179 non
2118 2109 2258 2179 tela
2310 2087 2672 2182 tenentem

785 2235 900 2308 Ex
945 2233 1258 2308 humeris
1307 2233 1742 2329 pharetram:
1801 2231 2102 2329 genibus
2153 2230 2272 2305 sed
2321 2231 2575 2308 nititur
2626 2233 2813 2308 alte‘

785 2358 1194 2454 Virgineam
1245 2360 1586 2457 cingens,
1635 2359 1853 2434 ambit
1895 2377 2109 2454 quatn
2155 2357 2475 2452 fimbria,
2528 2360 2835 2452 vestem,

781 2485 1074 2582 Datque
1119 2486 1275 2582 rapi
1324 2487 1556 2563 ventis
1611 2487 1802 2562 nulla
1848 2483 1972 2560 sub
2019 2482 2182 2582 lege
2235 2485 2559 2580 capillos.

1609 2777 1792 2854 LX.
1844 2777 1955 2851 De
2007 2777 2310 2850 Homero.
2373 2819 2385 2831 ·

677 3156 686 3163 ·
777 3068 927 3140 Aes
977 3066 1120 3141 vita
1173 3080 1506 3162 vegetum
1557 3068 1763 3141 nobis
1812 3063 2120 3141 ostendit
2169 3066 2608 3144 Homerum:

781 3192 956 3267 Non
1008 3194 1280 3269 animus
1331 3216 1478 3271 non
1532 3195 1778 3271 sensus·
1826 3195 2064 3285 abest,
2116 3194 2238 3269 sed
2289 3195 2510 3271 solius
2564 3196 2687 3269 ille

774 3315 1000 3392 Vocis
1049 3336 1260 3415 egett
1301 3299 1560 3393 ‘mirum
1613 3342 1764 3417 quo
1814 3321 1924 3393 vis
1963 3322 2372 3412 processerit
2418 3321 2611 3399 attis.

776 3444 960 3539 Quis
997 3444 1212 3518 ‘Deus
1258 3446 1398 3515 hoc
1449 3441 1654 3515 nobis
1705 3437 1902 3505 dedit
1949 3454 2111 3525 αεε,
2161 3444 2235 3511 ἀ·
2281 3448 2358 3514 in
2409 3460 2569 3515 aere
2618 3447 2973 3539 figuram?

763 3568 942 3643 Non
995 3574 1306 3655 etenim,
1357 3571 1411 3643 fi
1463 3567 1638 3664 quid
1689 3562 1980 3661 dignum
2027 3564 2130 3637 est
2177 3586 2288 3638 me
2333 3563 2575 3659 iudice
2628 3568 2862 3659 credi,
2928 3644 2945 3665 ‚

772 3695 937 3768 Hoc
977 3700 1096 3770 vit
1151 3716 1328 3789 opus
1377 3695 1642 3767 faciens
1695 3690 1950 3787 aliquis
1999 3690 2273 3765 desedit
2319 3692 2410 3764 ad
2458 3693 2739 3790 ignem,

773 3796 966 3895 Diva
1019 3823 1138 3896 sed
1185 3822 1332 3916 ipsa
1381 3820 1522 3896 suis
1572 3822 1893 3895 manibus
1943 3817 2274 3893 Tritonia
2322 3818 2534 3893 finxit

772 3946 1122 4043 Corporis
1169 3946 1391 4023 inseffi
1439 3946 1795 4045 quondam
1844 3966 1991 4020 non
2041 3948 2457 4019 immemor.
2508 3945 2659 4039 ipsa

777 4075 1062 4173 Quippe
1110 4097 1240 4170 per
1289 4096 1371 4149 os
1416 4073 1650 4169 magni
1698 4086 1944 4148 cantus
1993 4072 2250 4148 edebat
2301 4072 2599 4148 Homeri

776 4198 1094 4273 Consors
1145 4200 1432 4274 Phoebe
1479 4199 1634 4276 tibi.
1713 4202 1806 4275 fic
1859 4220 2069 4294 quem
2121 4200 2277 4274 vice
2325 4201 2546 4293 patris
2594 4197 2818 4279 adoro

765 4324 1190 4399 Maeonides
1244 4326 1435 4401 stetit
1483 4326 1622 4399 hic.
1671 4328 1934 4402 senium
1983 4326 2342 4421 praeferre
2388 4326 2721 4420 videtur,

765 4450 1006 4530 Dulce
1055 4450 1178 4525 sed
1229 4451 1368 4524 hoc
1416 4452 1676 4527 senium
1723 4455 1874 4547 est,
1925 4457 2000 4531 &
2044 4454 2308 4531 ab-illo
2355 4455 2573 4530 ditior
2606 4455 2729 4565 'ori

2822 3812 2902 3832 ‘N

769 4578 1065 4669 Gratia3
1117 4578 1560 4655 conveniunt
1607 4582 1912 4676 gravitas
1961 4580 2044 4663 §t
2091 4582 2382 4657 amabile
2432 4581 2793 4683 quiddam.

763 4704 1033 4778 Blanda
1079 4708 1488 4781 verecundo
1537 4708 1848 4801 majestas
1897 4708 2090 4781 lucet
2133 4709 2208 4783 in
2255 4728 2422 4783 ore:
2475 4710 2486 4720 “

759 4832 1042 4905 Innatat
1087 4835 1158 4910 in
1212 4856 1430 4909 curva
1484 4855 1700 4911 canus
1749 4836 2027 4909 cervice
2073 4837 2460 4929 corymbus

731 4958 1055 5075 ..Venice
1103 4961 1537 5042 descend-ens
1591 4942 2306 5043 &circumfunditur
2351 4985 2579 5044 aures·

671 5084 913 5161 ΤοΜ.
961 5088 1096 5164 111.
1825 5161 1828 5165 .
2065 5090 2132 5167 E

3238 573 3387 700 ’3ερ

3061 5094 3275 5171 Men-
