4775 6000
1466 570 1620 650 492

1462 742 1619 810 olim
1666 734 2060 812 Salmaiius‚
2118 734 2399 802 ducibus
2450 729 2786 822 Hephaes-

1466 843 1643 911 tione
1713 844 1781 907 ὅ(
1836 839 1975 921 eius
2028 838 2369 923 interprete
2419 835 2788 917 Holob010‚

1458 939 1777 1031 exposuit.
1893 938 2132 1011 Verum
2186 942 2325 1009 istic
2385 942 2612 1011 ultima
2658 939 2826 1032 pri·

1456 1054 1629 1131 mis,
1676 1046 1973 1120 secundis
2020 1045 2371 1131 penultima
2406 1042 2787 1133 subjungen-

1460 1158 1544 1225 da
1590 1166 1812 1235 erant,
1877 1150 1943 1219 in
1996 1146 2178 1218 Pauli
2229 1148 2580 1217 Silentiarii
2625 1148 2788 1217 Car-

1462 1258 1633 1327 mine
1674 1258 1874 1342 prima
1923 1250 2195 1339 primis,
2251 1249 2522 1319 secunda
2569 1248 2793 1322 sscun.

2108 544 2190 621 P.
2340 541 2440 618 D.
2595 540 3467 647 Huni-rr

2871 733 3146 817 cognovi
3199 734 3510 820 poematis
3541 736 3734 824 hujus
3769 748 4095 833 exemplar
4117 750 4186 819 ln

2871 836 3206 905 codicibus
3259 858 3448 909 manu
3518 840 3776 929 scriptis
3829 844 4190 921 Bibliothe-

2871 956 2984 1007 cae
3045 939 3294 1027 Regiae
3322 985 3347 1022 ‚
3411 958 3755 1037 utrumque
3795 950 4198 1051 descriptum

2865 1062 2984 1129 per
3029 1046 3402 1131 columnas,
3451 1050 3680 1119 eodem
3724 1034 3916 1136 pl'ane
3961 1056 4188 1127 ordine

2867 1160 3060 1237 atque
3095 1151 3328 1231 modo,
3387 1170 3522 1239 quo
3561 1152 3746 1221 initio
3803 1156 4202 1245 coniti-&ave-

2870 1270 3050 1321 ram:
3124 1257 3336 1340 primo
3393 1254 3634 1323 scilicet
3685 1258 3876 1325 versu
3929 1264 4192 1346 primam

1461 1364 1590 1431 dis.
1688 1358 2115 1427 Meminerant
2174 1357 2240 1423 δε
2299 1357 2496 1423 moris
2553 1355 2790 1423 veteris
2869 1356 3228 1427 columnam
3273 1356 3638 1441 auspicante
3674 1398 3698 1433 ‚
3767 1360 4051 1430 secundo
4097 1363 4192 1434 se.

1457 1466 1796 1534 Poetarum
1836 1505 1860 1540 .,
1922 1458 2215 1527 versuum
2258 1456 2518 1525 suorum
2551 1456 2785 1528 deseri.

2869 1461 3199 1537 cundam3
3287 1462 3476 1527 tertio
3533 1458 3876 1533 secundum
3939 1482 4198 1537 tenente

1453 1568 1811 1639 bendorurn
1856 1555 2242 1647 βςυςρὸφηδδν
2284 1604 2301 1631 .
2376 1558 2485 1625 sed
2541 1578 2662 1629 nec
2713 1550 2784 1629 id
2863 1560 3080 1627 lecum
3141 1560 3382 1646 primae
3419 1556 3792 1641 columnae3
3835 1584 4071 1653 quarto
4105 1568 4199 1640 se.

1449 1687 1807 1757 congruere
1832 1669 2037 1740 visum
2065 1666 2187 1735 est:
2216 1662 2584 1735 exoleverat
2609 1662 2778 1739 enim

1451 1776 1641 1861 longe
1686 1786 1828 1841 ante
1865 1770 2133 1837 Paulum
2160 1786 2297 1836 mos
2324 1768 2461 1837 istc.
2552 1766 2773 1855 Suspi-

1448 1892 1629 1947 catus
1682 1874 1819 1942 sum
1874 1874 2189 1961 denique,
2236 1874 2414 1957 quod
2445 1872 2512 1941 δι
2545 1890 2776 1947 verum

1446 1982 1673 2068 postea.
1712 1978 2039 2063 comperi,
2081 1974 2300 2043 versus
2326 1976 2476 2044 istos
2513 1992 2776 2063 propter

1349 2096 1361 2105 ‘
1450 2084 1829 2153 brevitatem
1880 2098 1993 2165 per
2038 2078 2367 2146 columnas
2394 2079 2674 2161 geminas
2710 2080 2776 2147 in

1451 2188 1669 2256 eadem
1722 2184 1948 2268 pagina
1993 2180 2177 2249 fuilse
2216 2180 2537 2265 digestos,
2601 2178 2668 2247 δι
2707 2182 2774 2249 in

1328 2338 1341 2349 .
1450 2288 1709 2373 fingulis
1739 2284 1981 2376 primae
2014 2284 2279 2370 paginae
2316 2280 2636 2349 columnis
2670 2280 2768 2348 vi·

1444 2390 1607 2479 ginti
1662 2388 1773 2457 sex
1825 2385 2014 2455 fuiss‘e
2065 2384 2281 2454 versus
2312 2400 2347 2462 ⁸>
2405 2382 2665 2469 triginta
2705 2384 2772 2453 in

1444 2493 1705 2583 lingulis
1734 2491 2047 2560 columnis
2086 2486 2352 2557 duarum
2393 2486 2770 2573 paginarum

1444 2598 1891 2684 sequentium3
1938 2590 2087 2659 osto
2133 2594 2197 2657 in
2238 2590 2498 2677 fingulis
2527 2592 2762 2675 postre-

1442 2719 1583 2769 mae
1640 2696 1965 2783 paginae,
1942 2712 1959 2729 ·
2025 2696 2108 2761 ita
2155 2704 2363 2763 tamen
2409 2712 2482 2764 ut
2525 2698 2766 2780 primae

1442 2806 1775 2873 columnae
1807 2799 2082 2886 primum
2110 2796 2367 2864 versum
2404 2796 2655 2883 primus
2672 2798 2763 2865 se-

1442 2912 1686 2977 cundae
1734 2907 2093 2991 exciperet,
2160 2900 2508 2989 secundum
2549 2900 2770 2969 stecun

1442 3013 1625 3102 dua,
1684 3025 1873 3098 atque
1918 3009 2004 3074 ita
2030 3013 2247 3090 'porro
2288 3002 2768 3088 disponerentur

1446 3095 1744 3202 reliqum
1800 3111 2097 3197 idemque
2144 3107 2325 3174 fieret
2374 3105 2439 3172 in
2497 3105 2763 3192 sequen-

1440 3219 1599 3284 tium
1648 3212 2037 3300 pagellarum
2091 3211 2406 3279 columnis
2465 3207 2536 3278 δι
2576 3207 2786 3288 verfi-,

1442 3320 1608 3394 δοες
1634 3331 1826 3403 atque
1850 3333 1931 3383 eo
1952 3315 2205 3382 demum
2244 3315 2618 3386 accedentes
2644 3315 2760 3383 im·

1436 3421 1673 3509 peritas
1741 3413 2189 3506 Typographii
2261 3436 2486 3503 operas
2562 3433 2760 3487 totam

1432 3524 1701 3612 primam
1766 3523 2122 3592 columnam
2158 3566 2181 3599 ‚
2247 3523 2479 3590 deinde
2541 3520 2758 3589 secun·

1434 3632 1579 3700 dam
1604 3673 1629 3706 2
1672 3643 1805 3698 tum
1834 3625 2079 3696 tertiam
2102 3671 2125 3702 ‚
2174 3637 2365 3713 atque
2403 3627 2490 3692 ita
2526 3620 2757 3690 deinde

1432 3747 1717 3807 caeteras
1794 3728 2189 3815 descripfiss'e.
2315 3725 2756 3812 Suspicionem

1439 3841 1607 3908 hanc
1662 3855 1764 3906 res
1828 3833 2060 3902 deinde
2116 3832 2244 3916 ipsa
2298 3827 2700 3900 confirmavit
2727 3870 2753 3904 ‚

1430 3963 1573 4011 nam
1628 3941 1693 4006 in
1748 3937 2029 4013 editione
2076 3933 2309 4002 Aldina
2359 3934 2502 4002 anni
2557 3950 2754 4018 1521,

1428 4048 1521 4120 ita
1558 4041 1885 4130 dispofitos
1940 4038 2149 4121 reperi
2184 4036 2406 4105 νει-ὼε
2457 4037 2605 4108 ill'os
2641 4060 2755 4126 per

1422 4149 1711 4238 pagellas
1771 4145 1841 4214 ἀ
1906 4141 2230 4208 columnas
2261 4185 2284 4221 ‚
2350 4141 2445 4210 uti
2497 4141 2750 4216 fueram

1424 4252 1798 4340 suspicatus.
1912 4243 2213 4312 Aldinam
2266 4263 2467 4329 porro
2518 4247 2748 4318 editio·

1425 4376 1571 4428 nem
1627 4353 1882 4422 secutus
1938 4347 2293 4418 Frobenius
2340 4349 2410 4416 in
2463 4349 2746 4423 editione

1422 4463 1535 4533 sua
1586 4458 1731 4530 anni
1798 4471 1965 4541 1549
2042 4451 2404 4540 legitimum-
2455 4451 2770 4526 ordinem

1421 4584 1549 4638 non
1578 4559 1781 4634 tenuit
1796 4601 1821 4634 2
1862 4556 2200 4641 omniaque
2213 4557 2610 4640 perturbavit
2625 4603 2652 4641 ,
2672 4555 2742 4628 δι

1420 4669 1751 4755 Stephano
1814 4660 2045 4728 deinde
2100 4657 2519 4732 admittendae
2570 4667 2738 4752 ejus.

1422 4775 1567 4844 dem
1628 4761 2016 4837 confusionis
2076 4760 2295 4830 austor
2340 4760 2490 4833 fuit.
2593 4763 2737 4834 Ali·

1418 4887 1657 4971 quanto
1704 4868 1844 4959 post
1890 4863 2125 4936 deinde
2172 4862 2496 4956 geminum
2525 4879 2743 4940 extare

2857 1664 3140 1733 cundum
3197 1662 3565 1742 secundae;
3609 1666 3802 1733 &ita
3839 1672 4093 1738 demum
4119 1673 4188 1743 in

2865 1765 3281 1852 sequentibus
3327 1766 3644 1848 versibus,
3695 1770 3765 1837 dt
3799 1771 4196 1859 sequentium

2859 1870 3257 1953 pagellarum
3289 1871 3630 1943 columnis·
3705 1872 3989 1945 Adtexta
4015 1894 4194 1949 erant

2865 1971 3128 2041 Scholia
3155 1976 3404 2059 gemina
3431 1975 3494 2043 in
3525 1975 3712 2072 regiq
3733 1982 4000 2055 codice,
4043 1986 4192 2069 qui-

2859 2076 2984 2141 bus
3031 2093 3250 2145 carere
3299 2076 3504 2145 levem
3555 2074 3856 2164 iaciuram
3893 2087 4185 2166 credidi3

2859 2178 3054 2245 altera
3096 2181 3288 2247 etiam
3333 2180 3464 2247 visa
3499 2180 3642 2249 sunt
3671 2182 3854 2250 valde
3881 2190 4176 2269 puerilia.

2856 2276 3076 2347 Priora
3119 2281 3316 2357 haec,
3379 2300 3414 2347 a
3461 2284 3688 2351 nostris
3729 2306 3855 2353 non
3905 2292 4180 2361 multum

2855 2379 3315 2467 discrepantia,
3371 2382 3538 2451 edita
3579 2382 3721 2451 sunt
3767 2406 3802 2453 a
3853 2386 4186 2464 Bonaven·

2854 2496 2993 2549 tura
3030 2482 3346 2553 Vulcanio
3371 2532 3396 2567 ‚
3439 2504 3590 2556 cum
3631 2488 3771 2573 ipso
3803 2488 3984 2560 Pauli
4015 2494 4176 2565 Car.

2851 2587 3023 2653 mine
3061 2589 3428 2667 emendate,
3472 2592 3542 2659 &
3569 2590 3634 2659 in
3675 2594 4029 2679 legitimum
4065 2618 4170 2667 or·

2850 2688 3062 2756 dinem
3113 2692 3434 2759 restituto:
3491 2712 3616 2779 ope
3663 2697 3962 2767 nimirum
4001 2706 4178 2771 codi-

2849 2796 2942 2860 cis
2994 2796 3263 2877 alicujus
3305 2800 3597 2882 antiqui3
3669 2802 3787 2867 etii
3830 2800 3902 2869 id
3949 2805 4178 2879 tacuit·

2849 2892 3110 2963 Scholia
3178 2893 3235 2963 is
3299 2914 3384 2963 ex
3453 2900 3813 2983 coniectura
3869 2908 4174 2979 adscribit

2845 2999 3185 3067 Emanueli
3241 2996 3670 3086 Chrysolorae
3715 3028 3734 3073 ε
3795 2996 3928 3097 quo
3989 3031 4173 3102 argu.

2845 3121 3058 3172 mento
3091 3153 3114 3184 ,
3198 3106 3434 3174 nescio.
3546 3105 3997 3182 Deliderantur
4039 3133 4164 3195 ea,

2843 3209 3078 3296 quibus
3124 3207 3525 3276 suffarcinata
3573 3227 3704 3280 erat
3741 3217 3920 3300 prior
3955 3219 4171 3305 pagel-

2841 3307 2946 3386 la,
2991 3329 3155 3398 quae
3204 3331 3321 3380 nos
3350 3310 3642 3400 supplere
3676 3333 4074 3402 poteramus,
4117 3319 4166 3388 fi

2840 3415 2996 3480 tanti
3025 3435 3128 3482 res
3156 3416 3331 3483 ess‘et.
3417 3415 3603 3485 Hanc
3627 3417 3912 3490 Vulcani
3935 3423 4166 3490 editio·

2839 3535 3030 3592 nem,
3065 3517 3184 3582 diu
3215 3537 3248 3584 a
3287 3535 3391 3586 me
3430 3517 3498 3587 &
3533 3520 3756 3590 frustra
3781 3527 4164 3611 quaestum,

2839 3619 3058 3688 naeius
3125 3617 3260 3687 sum
3323 3623 3580 3690 tandem
3649 3623 3962 3694 beneficio
4036 3625 4164 3694 Ni·

2839 3730 3004 3798 colai
3063 3725 3311 3797 Heinfii
3351 3769 3375 3803 ‚
3441 3725 3555 3812 qui
3595 3725 3790 3810 paulo
3839 3727 3982 3812 post
4025 3747 4164 3798 ma·

2837 3852 3038 3916 gnum·
3071 3829 3522 3914 elegantiarum
3555 3827 3806 3900 suarum
3847 3831 3916 3898 δι
3946 3849 4159 3900 amoe-

2834 3938 3108 4006 nitatum
3164 3935 3292 4002 des
3294 3933 3542 4004 derium·
3585 3929 3830 4013 nobie,
3903 3933 4157 4021 totique

2835 4042 2995 4110 adeo
3055 4038 3303 4112 literato
3351 4037 3498 4106 orbi
3560 4047 3765 4104 morte
3833 4033 3942 4101 sua
3998 4035 4152 4104 reli·

2834 4144 2995 4232 quit.
3095 4141 3226 4212 Sed
3266 4159 3435 4212 nunc
3486 4157 3736 4210 carmen
3778 4137 3986 4224 ipsum
4031 4157 4156 4208 ex-

2831 4248 3171 4315 cutiamus.

2905 4345 3197 4428 Lemma,
3229 4365 3406 4434 open
3389 4345 3802 4435 ⁰,praefixum
3823 4345 4148 4420 aufforem

2825 4453 3060 4524 indicat
3108 4451 3377 4524 Paulum
3428 4451 3912 4522 silentiarium:
3967 4457 4146 4544 quod

2821 4559 3207 4645 postremum
3277 4557 3664 4626 vocabulum
3718 4575 3948 4626 nomen
4017 4558 4148 4628 fuit

2820 4659 3142 4747 dignitatis
3189 4661 3345 4728 sacri
3397 4657 3645 4730 Palatii.
3747 4659 4144 4731 Silentiario·

2822 4783 2962 4832 rum
3001 4782 3228 4834 munus
3259 4761 3388 4831 fuit
3415 4766 3624 4833 excub
3761 4763 3824 4832 in
3841 4765 4138 4856 'Augusta

2820 4870 3011 4940 domo
3031 4914 3057 4953 ,
3099 4869 3172 4940 &
3220 4865 3531 4946 mentium
3572 4886 3622 4956 p
3919 4919 3940 4940 .
4023 4865 4146 4937 Lr.
