4775 6000
1169 482 2053 578 MAN-rrssA
2157 485 2895 586 QUARTA.

803 731 812 740 ·
956 713 1058 788 At
1095 659 1226 785 'illa
1273 709 1606 786 baculum
1655 705 1984 798 dedicat,
2038 709 2403 808 Nymphis
2455 713 2691 810 placet

954 837 1236 914 Munus
1285 836 1595 914 remiss‘ae
1645 835 1980 934 greffibus
2030 838 2337 932 propriis
2386 837 2704 916 domurn.

1387 1091 1882 1190 onmem,
1949 1117 2068 1215 ux
2123 1116 2642 1190 constans,

1089 1221 1164 1296 in
1205 1218 1503 1295 honorem
1540 1219 1699 1293 libra·
1734 1221 1816 1294 de
1850 1221 2218 1298 ordinanda
2244 1225 2389 1298 acie
2410 1278 2437 1316 ‚
2484 1227 2651 1320 quod
2698 1247 2956 1300 carmen

1362 1345 1706 1421 Adrianus
1751 1345 2124 1446 Imperator
2173 1351 2321 1421 olim
2350 1348 2657 1444 fecerat.

942 1604 1336 1705 Armigeris
1383 1606 1658 1682 foetum
1706 1601 2084 1683 sudoribus
2129 1607 2378 1704 accipe
2422 1610 2681 1690 librum
2704 1667 2731 1705 ,
2766 1664 2773 1672 .

945 1738 1180 1836 Quem
1229 1718 1428 1829 prius
1477 1733 1557 1808 in
1603 1731 1812 1807 bellis
1833 1731 2194 1828 ,princeps
2241 1735 2607 1814 Adrianus
2658 1739 2955 1816 habebat
2978 1793 3005 1831 ,

938 1862 1272 1939 Lethaeis
1324 1857 1448 1932 sed
1491 1861 1710 1956 longa
1758 1859 1960 1956 quies
2008 1859 2421 1940 admoverat
2470 1866 2705 1943 undis.

938 1989 1160 2062 Nunc
1211 1986 1336 2060 sub
1387 1985 1797 2073 AnastafiO,
1845 2006 1998 2081 quo
2041 2005 2170 2060 rex
2223 1985 2416 2062 haud
2464 1991 2725 2066 fortior
2772 1993 2980 2084 alter,

929 2115 1013 2188 In
1061 2114 1294 2186 lucem
1343 2133 1457 2186 me
1507 2109 1733 2186 reddo
1757 2164 1778 2198 ,
1826 2111 2100 2186 bonum
2150 2109 2559 2208 legionibus
2608 2117 2886 2217 ingens.

934 2241 1064 2316 Ille
1115 2239 1244 2313 scit
1296 2236 1371 2310 ὅτ
1421 2256 1700 2332 pugnas
1754 2235 1830 2309 δε
1883 2236 2148 2310 Martia
2194 2236 2380 2312 facta
2432 2239 2741 2332 docere‚

818 2455 827 2465 ,
935 2367 1071 2441 Ille
1119 2363 1250 2437 scit
1301 2361 1610 2436 occiduo
1661 2363 1922 2455 pofitas
1973 2362 2050 2438 in
2099 2364 2346 2440 littore
2396 2381 2650 2458 gentes
2665 2408 2700 2454 ‚-

927 2493 1026 2568 Et
1071 2490 1338 2566 Persas.
1365 2507 1634 2562 mecum
1689 2486 2181 2586 Saracenaque
2231 2489 2548 2584 perdere
2586 2492 2806 2570 castra
2833 2548 2861 2589 ,

941 2619 1513 2712 Hunnorumque
1566 2612 1643 2688 in
1692 2613 1900 2710 equis
1945 2615 2216 2692 celeres
2261 2615 2353 2690 ad
2400 2620 2666 2713 praelia
2715 2636 2977 2702 turmas
3000 2676 3029 2717 ‚
3130 2625 3137 2638 ‘

943 2747 1045 2822 Et
1091 2743 1304 2820 toties
1353 2737 1652 2834 refugos
1699 2737 1774 2813 in
1828 2737 2034 2816 devia
2084 2741 2282 2837 rupis
2329 2739 2635 2823 Isauros.

937 2875 1182 2950 Totus
1232 2865 1596 2944 Anastafio
1641 2863 1896 2970 faciae:
1943 2884 2118 2941 mox
2164 2880 2409 2963 pareat
2458 2868 2649 2944 orbis
2671 2923 2742 2962 ,,

935 3004 1170 3105 Quem
1216 2994 1332 3072 sua
1381 2989 1714 3090 majorem
1763 2989 2082 3089 Traiano
2130 2992 2483 3091 conspicit
2529 2993 2711 3075 Eos.

1491 3252 2503 3341 CarntrooaAn.

833 3524 1046 3599 Nave
1091 3455 1265 3611 peto
1311 3524 1570 3609 portus
1622 3506 1904 3586 Italosz.
1937 3527 2242 3607 namque
2290 3524 2473 3607 opto
2524 3511 2797 3593 sodales

927 3648 1244 3724 Cernere
1265 3694 1293 3733 ,
1343 3640 1548 3738 queis
1595 3636 1836 3713 absum
1886 3651 2206 3733 tempora
2247 3638 2469 3737 longa
2518 3642 2747 3720 nimis.

661 3808 668 3813 ·
825 3778 1102 3857 Verum
1149 3770 1299 3847 dux
1353 3788 1542 3865 opus
1586 3765 1690 3841 est
1711 3820 1740 3859 ,
1790 3763 1880 3838 ad
1932 3763 2288 3857 Cycladas
2335 3784 2652 3865 aequore
2699 3768 2961 3864 sparsas

916 3902 1016 3977 Et
1061 3916 1376 3976 veterem
1420 3893 1777 3971 Scheriam
1825 3890 1956 3989 qui
2000 3892 2174 3966 mihi
2221 3894 2566 3970 monstret
2614 3896 2775 3971 iter.

831 4024 962 4106 Tu
1010 4024 1259 4102 mundi
1301 4020 1695 4115 descriptor
1743 4037 1997 4114 opem,
2045 4033 2118 4093 te
2165 4021 2473 4117 quaeso,
2526 4020 2921 4120 Menippe,

916 4156 1055 4230 Fer
1101 4148 1320 4242 mihi,
1369 4146 1594 4224 totius
1644 4164 1859 4243 gnare
1929 4144 2452 4242 Geographiae.

1061 4414 1716 4499 Amnem-ur,
1785 4407 2893 4505 Tnnssaromozusn,

1006 4538 1090 4615 de
1135 4532 1518 4615 Antimacho
1567 4532 1941 4631 Colophonio
1955 4584 1986 4629 ,
2046 4536 2157 4630 qui
2202 4534 2485 4613 Homero
2532 4548 2963 4634 comparatur.

817 4760 1226 4845 Antimachi
1267 4761 1496 4839 fortes
1545 4780 1924 4856 numeros,
1975 4760 2054 4837 ὅτ
2101 4762 2408 4840 carmina
2452 4762 2663 4843 lauda
2676 4812 2709 4857 ,

919 4892 1246 4967 Heroum
1291 4907 1610 4972 veterum
1655 4888 1870 4989 digna
1897 4887 2350 4990 supercilio·
2327 4939 2358 4982 ‚

729 5024 982 5101 Tou.
1035 5001 1170 5097 111.
1815 5076 1820 5082 .
2049 5014 2256 5095 Hhh

3232 516 3393 598 425

3168 5020 3353 5099 For·
3380 5002 3389 5007 ’
