4775 6000
1421 517 1916 602 maza
2019 517 2821 622 QUINTUS·

1621 781 1694 857 X
1719 781 1788 856 X
1814 781 1921 856 11.
1992 781 2112 856 De
2168 775 2566 876 Terpandro.
2602 871 2607 880 .

943 1009 1086 1086 Sed
1132 1027 1372 1105 neque
1422 993 1842 1102 Terpander
1895 1005 2023 1081 tibi
2068 1005 2675 1100 praetereundus,
2724 1007 2803 1084 in
2852 1005 3009 1102 ipso

935 1142 1127 1212 Aere
1179 1136 1406 1208 virum
1457 1133 1717 1227 spirare
1765 1153 2019 1230 putes:
2075 1135 2170 1206 ita
2221 1130 2505 1206 vividus
2556 1153 2725 1207 ecce

935 1262 1196 1338 Dulcia
1247 1259 1508 1335 divinis
1557 1261 1934 1335 meditatur
1983 1260 2290 1334 carmina
2341 1259 2566 1332 curis:

935 1388 1178 1486 Qualis
1224 1387 1310 1459 ad
1364 1387 1680 1462 Eurotae
1727 1387 2069 1482 respersas
2123 1386 2401 1496 vortice
2448 1385 2682 1481 ripae,

929 1519 1210 1589 Arcana
1258 1513 1634 1589 moderans
1687 1535 1950 1588 nervos
2001 1511 2370 1588 testudinis
2422 1523 2617 1602 arte,

935 1639 1332 1735 Corruptas
1383 1640 1576 1716 vitiis
1627 1639 1716 1713 ad
1768 1639 1960 1715 retsta
2015 1638 2302 1712 reduxit
2350 1637 2715 1731 AmyclaS.

1366 1927 1452 2001 'X
1475 1925 1546 2000 X
1568 1927 1599 2000 1
1623 1925 1653 1999 1
1675 1927 1732 2000 1.
1800 1925 1910 1998 De
1961 1925 2220 2000 Pericle
2268 1922 2354 2008 &²
2398 1925 2796 2025 Pythagora.

925 2155 1237 2252 Multum
1287 2193 1412 2268 te,
1466 2179 1827 2272 Pericles,
1879 2184 2141 2272 miror,
2193 2180 2388 2278 quod
2435 2180 2508 2254 in
2558 2199 2721 2254 aere
2774 2179 3135 2259 videndus

929 2304 1067 2379 Hic
1118 2307 1325 2380 etiam
1374 2303 1604 2382 servas
1654 2311 2082 2406 vultumque
2131 2311 2595 2404 habitumque
2644 2307 2936 2401 diserti,

927 2429 1177 2526 Qualis
1227 2455 1380 2508 eras
1431 2435 1792 2532 quondam
1843 2437 1960 2510 vel
2001 2437 2242 2532 legum
2294 2434 2534 2508 suasor
2583 2433 2893 2512 Athenis
3046 2529 3053 2536 ,

924 2556 1070 2630 Vel
1118 2560 1286 2632 belli
1331 2559 1406 2634 in
1461 2559 1750 2658 Pelopis
1796 2563 2156 2658 populos:
2209 2558 2329 2634 cui
2375 2561 2742 2658 proximus
2790 2538 3019 2638 adstat

889 2671 1362 2782 ‘Pythagoras
1413 2687 1716 2765 Samius.
1777 2691 2024 2764 vultus
2078 2686 2285 2763 decet
2334 2688 2515 2781 iste,
2568 2687 2856 2764 videtur

919 2808 1266 2884 Naturam
1313 2830 1564 2886 contra
1612 2814 1792 2886 aeris
1836 2815 1913 2888 in
1963 2815 2122 2908 ipso
2175 2815 2421 2888 vivere
2472 2815 2701 2916 caeim

919 2937 1038 3012 Sic
1087 2939 1393 3012 animum
1445 2939 1677 3025 curiS,
1725 2925 2080 3014 hominem
2124 2938 2677 3033 superantibuS,
2724 2935 3027 3035 implet,

915 3065 1034 3140 Sic
1079 3068 1278 3160 puris
1327 3056 1693 3164 ingentem
1743 3067 1970 3143 oculis
2014 3066 2310 3141 metitur
2357 3065 2755 3162 olympum.

1595 3354 1668 3435 X
1689 3354 1759 3429 X
1786 3353 1931 3427 IV.
1999 3354 2109 3426 De
2162 3290 2545 3446 Stesichoro.

913 3603 1384 3681 Stesichorum
1431 3605 1748 3700 agnosco
1804 3604 2082 3680 Siculae
2133 3604 2415 3679 telluris
2462 3603 2869 3697 alumnum,

903 3732 1196 3809 Viscera
1245 3728 1449 3822 cujus
1493 3730 1730 3803 adhuc
1781 3734 1966 3807 intra
2009 3750 2320 3807 materna
2367 3731 2657 3807 latentis

908 3857 1280 3953 Ingenium
1328 3856 1416 3929 ad
1465 3856 1770 3933 citharae
1821 3874 2076 3933 cantus
2123 3858 2461 3935 formavit
2504 3858 2823 3953 Apollo:

907 3982 1125 4056 Unde
1165 3984 1418 4073 etiam,
1469 3984 1652 4061 lueis
1703 4004 1862 4066 cum
1913 3984 2210 4079 primum
2265 3985 2465 4060 venit
2511 3984 2587 4061 in
2640 4005 2851 4077 oras,

901 4108 1191 4183 Daulias
1239 4110 1530 4184 infantis
1583 4126 1834 4185 tenero
1884 4112 2204 4185 consedit
2251 4111 2326 4187 in
2379 4132 2555 4201 ore,

907 4235 1252 4334 Praesago
1299 4240 1641 4314 tremulos
1688 4239 2112 4333 immulgens
2155 4252 2443 4335 gutture
2492 4252 2768 4312 cantus.

1601 4526 1673 4601 X
1699 4526 1770 4601 X
1791 4525 1889 4602 V.
1919 4555 1924 4563 ·
1963 4525 2074 4601 De
2122 4524 2520 4601 Democrito.

903 4748 1231 4823 Abderae
1279 4708 1501 4823 decu&
1551 4748 1926 4839 eximium,
1979 4748 2397 4824 Democrite
2420 4802 2445 4839 ,
2494 4748 2741 4840 salve3

901 4872 1026 4951 Tu
1077 4896 1380 4972 namque
1425 4892 1748 4955 aeternas
1799 4876 2118 4954 Naturae
2167 4876 2481 4975 pandere
2528 4876 2731 4973 leges

3357 513 3507 623 ,ἴδ’
