4775 6000
2678 355 2734 392 Χ

1218 549 1732 630 LIBER
1829 543 2715 626 SEPTIMUS·
3182 555 3333 634 281

1619 829 2042 910 CXCIII.
2111 829 2342 906 Aliud.

818 1109 1010 1186 Cum
1055 1087 1381 1203 fugerem
1436 1102 1740 1180 Veneris
1788 1121 2094 1200 puerum
2117 1154 2144 1192 ‚
2169 1100 2489 1186 faculam
2550 1105 2798 1204 arripit
2857 1109 3015 1208 ipso

815 1259 822 1264 ·
906 1235 1027 1309 De
1075 1231 1362 1322 cinere,
1407 1229 1540 1302 hac
1587 1230 1892 1304 latebras
1941 1225 2221 1304 invenit
2268 1227 2393 1302 ille
2446 1249 2664 1308 meas.

814 1365 1050 1437 Arcus
1099 1354 1333 1434 abest:
1363 1374 1668 1450 vngues
1717 1351 2030 1430 intendit
2073 1353 2364 1427 dextera
2414 1353 2673 1452 binos,

905 1484 1059 1584 Qui
1103 1501 1215 1555 me
1259 1478 1561 1553 scintilla
1611 1477 1789 1550 clam
1837 1476 2099 1550 feriere
2147 1478 2379 1553 brevi.

809 1610 1028 1687 Nunc
1075 1629 1186 1680 me
1231 1607 1356 1680 lux
1404 1602 1673 1676 circum
1721 1599 1935 1673 micat
1982 1597 2349 1698 undique,
2404 1621 2617 1700 quam
2664 1605 2871 1702 jubar
2920 1600 3222 1714 ingenis,

907 1735 1216 1812 Flamma
1264 1750 1429 1806 meo
1481 1729 1685 1805 cordi
1731 1745 1942 1824 quam
1992 1727 2227 1823 gravis
2277 1749 2319 1800 e
2367 1727 2599 1804 facula
2622 1729 2659 1802 2‘

1627 2014 1789 2094 cx
1813 2015 1932 2094 οι
1957 2017 2057 2094 v.
2123 1985 2363 2094 Λπειὶα.

806 2280 1056 2356 Unum
1112 2273 1344 2371 Cypri
1387 2275 1630 2348 locum
1678 2295 1806 2350 cur
1851 2288 1960 2350 ter
2006 2269 2171 2350 tuus
2220 2271 2424 2370 eligit
2470 2276 2740 2352 arcus?

910 2407 1026 2480 En
1080 2405 1214 2478 tria
1259 2404 1403 2478 fixa
1446 2401 1645 2476 fimul
1694 2399 1964 2498 spicula
2008 2398 2226 2474 corde
2275 2420 2467 2476 meo,

815 2533 1016 2610 Haec
1068 2529 1330 2618 ttahit,
1378 2527 1500 2600 illa
1541 2525 1863 2602 incendit
1891 2577 1922 2618 ‚
1967 2545 2057 2601 an
2106 2525 2290 2603 hanc
2341 2526 2644 2603 evadere
2692 2529 2939 2625 poffim

909 2657 1228 2766 Nesciqz
1279 2651 1406 2730 sed
1453 2667 1768 2749 quantun
1817 2665 2114 2750 quantus
2161 2654 2252 2732 ab
2298 2654 2467 2752 igne
2516 2655 2770 2752 flagro.

1623 2940 1691 3018 c
1716 2942 1785 3018 x
1811 2939 1877 3017 c
1897 2940 2004 3053 v.x
2059 2941 2292 3021 Azina.

807 3206 1030 3283 Fidus
1074 3224 1282 3293 amn,
1333 3220 1440 3275 me
1495 3204 1548 3277 fi
1598 3201 1758 3298 quis
1807 3218 2018 3281 amet.
2068 3203 2507 3303 quicumque
2556 3204 2866 3302 lacem,

907 3334 1275 3429 Insequor.
1327 3330 1466 3402 hoc
1517 3329 1742 3421 novi,
1790 3350 1925 3406 nec
1970 3331 2206 3407 minus
2255 3332 2439 3407 illud
2490 3354 2702 3430 opus.

1603 3612 1668 3692 C
1693 3616 1764 3691 X
1789 3612 1856 3692 C
1879 3614 1953 3693 V
1973 3615 2033 3694 1.
2104 3616 2338 3697 Aliud.

805 3877 1084 3973 Cypri,
1131 3896 1330 3951 meus
1377 3879 1464 3952 fit
1515 3896 1714 3950 amor
1763 3874 2098 3972 proprius
2141 3877 2351 3956 mihi:
2406 3880 2459 3957 fi
2513 3898 2735 3981 vagus
2782 3899 3017 3981 erret,

905 4004 1084 4079 Non
1131 4004 1346 4096 mihi,
1395 4002 1788 4080 communis
1840 4002 1968 4099 qui
2013 4005 2142 4097 fit,
2191 4024 2463 4081 amatur
2509 4026 2731 4089 amor.

1576 4290 1645 4369 C
1669 4292 1739 4369 X
1765 4290 1830 4369 C
1849 4292 2056 4374 V11.
2119 4290 2349 4369 Aliud.

806 4550 1006 4655 Quid
1054 4552 1351 4629 turbatis
1403 4572 1574 4629 aves
1621 4552 1936 4649 strepeto
1987 4578 2102 4632 me
2147 4574 2549 4663 murmure,
2594 4550 2762 4631 dum
2809 4576 2925 4631 me

903 4676 1226 4773 Virginis
1273 4678 1598 4775 egregiae
1645 4682 1952 4755 membra
1999 4682 2484 4777 tepefaciunt·,

813 4804 1200 4880 Dauliades
1249 4803 1462 4877 viridi
1511 4804 1713 4901 super
1759 4808 2010 4881 arbore
2041 4806 2078 4879 ἲ
2129 4808 2228 4883 fin
2281 4809 2625 4883 muliebre
2674 4808 2778 4885 est

905 4932 1144 5005 Multa
1193 4930 1436 5029 loqui,
1483 4935 1619 5029 jam
1670 4952 1804 5009 vos
1853 4933 1956 5009 nil
2008 4950 2220 5021 veto,
2267 4934 2615 5033 perficite.

716 5058 854 5135 To
875 5080 966 5139 m.
1018 5058 1150 5136 111.
2041 5056 2188 5137 Nn
2900 5058 3323 5139 cxcvffl.
