4775 6000
1327 505 1824 588 eruet
1927 507 2742 611 QUINTUS}
3273 543 3443 624 sr-

853 733 1143 830 Spartae
1181 725 1628 827 'Cecropidis
1681 730 2032 813 contraria
2082 730 2421 812 scriberet
2464 753 2652 810 arma
2672 788 2699 825 ‚

847 861 1066 932 Arma
1111 861 1374 955 quibus
1419 857 1766 954 juvenum
1817 857 2110 936 detonsa
2157 859 2263 936 est
2310 860 2611 938 Graecia
2656 859 2965 963 frugem.

1537 1117 1601 1192 L
1622 1115 1693 1190 X
1714 1115 1786 1193 V
1801 1115 1839 1192 1
1856 1115 1914 1193 1.
1981 1111 2093 1190 De
2140 1115 2495 1198 Herodoto,

845 1343 1022 1418 Non
1077 1339 1538 1426 Halicarnaffi'
1577 1343 1766 1440 bona
1813 1345 1964 1420 laus
2012 1363 2168 1420 mea
2215 1345 2527 1428 nomina.
2559 1348 2754 1450 fugit

839 1469 1302 1559 HerodotuS‚
1354 1477 1679 1545 veterum
1729 1469 2046 1566 prudens
2107 1471 2236 1566 qni
2285 1473 2496 1561 faeta,
2525 1475 2903 1573 virorum,

845 1599 1056 1694 Quos
1104 1612 1330 1669 terrae
1377 1616 1690 1690 genuere
1739 1597 1966 1685 duae,
2021 1615 2209 1692 quos
2261 1596 2517 1675 ordine
2564 1602 2793 1702 longo

843 1721 1141 1799 Saecula
1189 1721 1568 1815 viderunt,
1620 1723 1850 1798 Mufis
1897 1723 2040 1798 fert
2092 1723 2279 1797 sacra
2327 1726 2631 1804 novenis
2646 1777 2689 1820 r

839 1849 1045 1924 Ionio
1097 1847 1372 1922 dulcem
1423 1863 1818 1926 contexens
1867 1849 2048 1923 flore
2105 1849 2497 1947 loquelam.

1517 2103 1582 2177 L
1604 2103 1675 2177 X
1699 2101 1955 2178 V111.
2019 2099 2133 2178 De
2159 2103 2492 2185 Pindaro.

838 2331 1092 2406 Adstat
1145 2329 1219 2405 dt
1275 2327 1562 2426 Ogygia
1616 2326 2029 2404 Thebarum
2079 2329 2241 2404 olor
2288 2330 2521 2410 editus
2568 2339 2747 2415 urbe

837 2458 1186 2535 Pindarus
1219 2509 1246 2548 ‚
1295 2471 1630 2554 argutum
1681 2471 1971 2528 cantans
2021 2473 2228 2551 quem
2277 2462 2531 2536 nutriit
2578 2464 2733 2559 ipse

843 2587 1276 2663 Arcitenens
1321 2579 1510 2656 inter
1555 2579 1781 2654 colles
1835 2577 2210 2656 Heliconis
2258 2583 2591 2682 Apollo,

841 2709 1408 2804 Concordesque
1459 2706 1713 2781 modos
1761 2705 2036 2784 docuit.
2093 2707 2282 2784 Cum
2317 2714 2605 2807 prodiit
2653 2719 2846 2800 alvo·

833 2834 1096 2911 Matris
1129 2887 1154 2925 ‚
1209 2853 1386 2928 apes
1423 2845 1676 2907 tenero
1725 2831 1935 2925 pueri
1983 2833 2198 2926 super
2247 2853 2372 2907 ore
2424 2837 2755 2920 fidentes

832 2961 1058 3039 Mella
1103 2961 1516 3039 laborarunt
1564 2954 1764 3033 docti
1806 2955 2173 3057 praefingit
2213 2976 2503 3045 canna..
2852 3001 2859 3009 -
3076 2983 3106 3067 ,ἲ

1509 3222 1574 3296 L
1595 3218 1831 3298 xix.
1901 3216 2013 3295 De
2063 3218 2512 3319 Xenophonm

829 3445 1088 3541 Fulget
1139 3441 1228 3515 δι
1263 3438 1627 3535 armigeris
1677 3436 2100 3532 Xenophon
2146 3460 2545 3540 prognatus
2598 3450 2972 3547 Athenis„

840 3570 1157 3645 Maxima
1205 3563 1775 3641 Achaemenidae
1825 3564 1952 3660 qui
2008 3562 2194 3659 C'yti
2241 3566 2429 3643 faeta
2478 3572 2861 3656 celebrans-

841 3695 1138 3769 Aemula
1187 3690 1592 3785 composuit
1639 3690 1954 3765 facundo
2004 3692 2275 3789 scripta-
2313 3696 2649 3795 Platoni,

836 3822 938 3898 Et
987 3821 1220 3917 gravis
1270 3817 1598 3893 historiae
1645 3834 1857 3913 partu
1905 3818 2250 3893 nascentia
2295 3844 2511 3917 poma

777 3998 785 4005 -
842 3946 1192 4024 Condivit
1237 3938 1528 4044 liquidis
1570 3946 1658 4021 ab
1714 3944 2044 4038 Hymetti
2089 3944 2371 4023 neQare
2420 3954 2666 4049 guttis.

1541 4168 1605 4244 L
1629 4168 1817 4281 XX.
1890 4166 1998 4241 De
2043 4154 2461 4257 Alcmaeone,⁸

840 4394 1161 4472 Fatidico
1211 4396 1341 4471 stat
1394 4392 1470 4467 &
1510 4392 1628 4467 hic
1673 4394 2060 4473 Alcmaeon
2111 4399 2401 4474 nomine
2450 4400 2748 4495 clarus3·

839 4526 942 4598 At
989 4544 1138 4599 non
1185 4522 1520 4598 fatidicus
1569 4536 1804 4597 tamen
1855 4524 2006 4615 est,
2055 4544 2212 4601 nec·
2237 4528 2475 4616 laurea
2522 4530 2788 4606 crinem

839 4650 1042 4725 Serta
1089 4664 1444 4745 premunt.
1526 4650 1867 4723 Alcmana
1919 4666 2152 4744 puto,
2201 4654 2329 4747 qui
2377 4653 2643 4745 pollice
2694 4656 3075 4754 quondam

835 4753 1210 4880 Mulc'ebat
1257 4776 1649 4876 doctaeque
1703 4776 1881 4853 sono
1932 4776 2304 4852 testudinis
2349 4798 2603 4876 aures,

838 4902 1255 5001 Doricaque
1308 4910 1583 5006 argutis
1632 4905 1918 5003 aptabat
1965 4902 2267 4983 carmina
2313 4906 2579 4988 nervis.

3042 5036 3359 5119 Lxxr.
