4775 6000
1287 522 2673 657 'LtuERsEiTuffi

1377 893 1688 976 XVII.
1793 890 1859 966 L
1907 907 2173 980 ron
2217 897 2256 963 τ
2311 887 2474 965 nuit
2528 911 2608 966 rt.

847 1194 1238 1276 Dexterior
1284 1189 1522 1286 palmo
1564 1205 1706 1282 qua
1756 1161 1848 1256 se‘
1879 1191 2093 1252 tenus
2123 1175 2377 1252 instita
2433 1182 2672 1275 tonit,

939 1323 1212 1404 Bittion
1267 1317 1408 1390 hoc
1461 1309 1660 1387 vario
1713 1306 1998 1381 {lamine
2043 1301 2222 1376 fecit
2271 1324 2486 1400 opus.

847 1448 1154 1528 Addidit
1200 1440 1608 1539 oppofitum
1657 1433 1845 1508 latus
1898 1427 2328 1504 Antianira:
2383 1398 2671 1525 puellae·

947 1575 1049 1649 Et
1101 1590 1280 1666 vaga
1330 1559 1704 1640 Maeandri
1753 1554 2044 1632 fiumina
2069 1605 2094 1646 ,
2141 1551 2306 1628 sunt
2355 1537 2611 1632 Bitiae.

850 1703 960 1778 Sit
1006 1696 1210 1773 cordi
1255 1691 1433 1784 tibi,
1485 1703 1648 1764 nata
1692 1683 1954 1780 Jovis‚
1999 1678 2279 1768 Diana,
2334 1697 2715 1778 rogamus,

946 1827 1089 1902 Hic
1140 1820 1405 1916 triplici
1450 1829 1728 1890 certans
1779 1805 2153 1883 sedulitate
2201 1803 2430 1882 labor.

1333 2083 1688 2164 XVIII.
1793 2051 2683 2156 Anrr'rarnn

847 2405 1046 2481 Haec
1097 2400 1330 2476 Diana
1372 2407 1560 2467 tuam
1608 2385 1852 2460 subeat
1902 2397 2082 2477 quae
2129 2378 2405 2455 fimbria
2458 2378 2723 2454 vestem

941 2526 1378 2626 Tergemino
1427 2533 1762 2590 manuum
1807 2521 2006 2584 texta
2053 2507 2300 2582 labore
2353 2503 2590 2581 datur.

851 2656 1146 2760 Quippe
1195 2669 1382 2747 opus
1431 2641 1532 2717 est
1583 2637 1808 2712 Bities
1859 2633 2175 2710 saltantis
2220 2632 2358 2706 rite
2406 2630 2739 2726 puellae,

942 2749 1746 2870 Maeanderquefluens'
1765 2760 2030 2835 obvius
2063 2757 2216 2854 ipse
2257 2745 2409 2832 fibi.
2522 2750 2529 2760 “

843 2906 1221 2988 Proximus
1259 2894 1542 2982 ‚accedit
1584 2891 1811 2966 flavae
1859 2885 2062 2960 labor
2110 2881 2527 2960 Antianirae
2548 2933 2579 2976 ,

940 3034 1192 3113 Amnis
1237 3026 1362 3103 ubi
1409 3019 1616 3097 curvi
1665 3014 1818 3109 ripa
1865 3010 2134 3111 sinistra
2181 3008 2390 3085 viret.

844 3162 1118 3241 Bittion
1166 3154 1254 3231 ad
1306 3152 1606 3248 spatium
1651 3141 1829 3217 fecit
1879 3136 2237 3237 surgentia
2281 3136 2551 3235 palmi,

946 3285 1205 3363 Omnia
1249 3299 1424 3380 quae
1473 3272 1740 3349 fluvius
1787 3265 2193 3342 dexteriora
2241 3258 2469 3341 videt.

1493 3535 1810 3649 'x1x.-
1877 3564 2463 3666 finnvm.

841 3885 1290 3976 Purpureum
1336 3866 1622 3956 velum,
1665 3856 2081 3955 mitramque
2131 3852 2559 3953 habitusque
2608 3822 3017 3953 Lacaenae,
3060 3930 3066 3935 ,
3130 3924 3137 3931 .

930 4000 1216 4108 Quique
1267 3998 1404 4075 hos
1451 4016 1544 4067 ex
1592 4008 1767 4063 auro
1816 3982 2050 4061 facilus
2096 3982 2440 4059 acanthus
2490 3981 2691 4077 obit,

845 4133 1103 4235 Omnia
1156 4124 1491 4204 Niconiie
1538 4112 1736 4189 fimul
1783 4110 2142 4208 epotavit:
2188 4128 2498 4185 amorum

930 4264 1259 4353 Namque
1306 4249 1429 4325 illa
1476 4246 1553 4320 δι
1597 4242 1964 4320 venerum
2011 4238 2260 4315 nobile
2305 4256 2597 4333 germen
2636 4250 2810 4316 erat.

845 4390 1141 4483 Insuper
1193 4373 1482 4475 egregio
1531 4371 1794 4446 formas
1844 4365 2159 4463 speetare
2205 4364 2466 4461 Priapo

935 4507 1256 4592 Nebrida
1274 4556 1304 4599 ,
1355 4499 1430 4577 ὅτ,
1475 4520 1570 4575 ex
1614 4518 1792 4577 auro
1839 4499 2062 4575 sacrat
2107 4492 2607 4595 aqualiculum.

1846 5095 2112 5176 -Ps

3220 593 3392 670 τις

3214 5088 3382 5187 Τῐο,
