4775 6000
1111 503 2090 588 ‘'MANmssA
2189 448 2867 596 ‘rear-ss.

859 740 1094 842 Quem
1141 735 1364 812 fatum
1415 732 1760 832 Argolica
1807 733 2035 828 patria
2071 733 2342 828 procul
2394 734 2569 812 urbe
2620 734 2918 832 Myrina

960 863 1231 978 Virtuti
1276 861 1592 958 eripuit,
1639 859 2146 956 Pieridumque
2192 859 2449 938 choro·

1483 1120 1659 1218 Pag.
1726 1112 2160 1228 DCLXX
2185 1117 2374 1196 XV.
2408 1083 2415 1148 2
2456 1145 2589 1216 ια,

741 1365 760 1394 ‘-
854 1350 1097 1427 Gleno
1147 1295 1499 1445 Nigrinus
1549 1355 1804 1437 pater,
1855 1358 2094 1415 amans
2144 1337 2222 1414 δι
2267 1342 2681 1420 εκιίηὲὶωυ.

1687 1598 1863 1693 Pag.
1933 1592 2223 1672 DCC.
2304 1619 2371 1672 1.
2498 1662 2509 1672 ,
2617 1557 2625 1564 “

856 1825 1286 1906 Addideram
1338 1823 1604 1918 septem
1653 1818 1913 1914 viginti
1959 1818 2285 1896 meffibus
2333 1841 2607 1912 annor..

956 1953 1196 2030 Infera
1241 1950 1612 2026 Paulinum
1665 1968 1776 2020 me
1829 1946 1958 2021 fibi
2006 1961 2192 2020 terra
2239 1947 2467 2042 rapit:

855 2083 986 2156 Me
1039 2081 1230 2174 juxta
1275 2075 1612 2152 tumulata
1661 2071 1864 2146 soror
1912 2070 2270 2164 septennis
2327 2073 2631 2172 Hygeaz

962 2209 1126 2304 Qua
1173 2203 1351 2278 nihil
1403 2199 1727 2295 adspexit
1770 2196 2060 2272 suavius
2109 2197 2287 2270 alma
2335 2197 2515 2272 dies.

1641 2456 1816 2553 Pag.
1879 2453 2044 2566 DC
2069 2452 2214 2532 CI.
2287 2476 2414 2534 10.

850 2684 1134 2766 Lustus
1175 2681 1514 2758 Atiniam
1559 2701 1692 2776 per
1740 2691 1857 2772 te,
1910 2678 2289 2757 saeviffima
2335 2681 2602 2774 Parca,

945 2816 1304 2907 Perpetua
1349 2827 1620 2882 merces
1665 2826 1802 2900 pro
1853 2805 2116 2900 pietate
2165 2807 2399 2884 datur.

855 2941 1190 3035 Namque
1239 2947 1527 3029 ereptus
1571 2933 1641 3007 ei
1685 2931 1904 3011 frater
1951 2931 2102 3011 dux
2153 2935 2541 3032 Rusticus,
2589 2951 2807 3037 atque

943 3064 1320 3160 Pompeius
1370 3062 1630 3158 ssrgens
1677 3060 1895 3135 ubera
1943 3080 2104 3138 cata
2148 3083 2362 3158 puer,
2435 3052 2439 3056 ’
2648 3054 2655 3069 ’

851 3194 950 3269 Et
995 3191 1333 3286 Pompeia
1379 3208 1636 3285 parens
1681 3185 1878 3261 astris
1923 3186 2116 3279 sata,
2159 3185 2419 3267 deinde
2468 3190 2879 3288 Pudentes‚

944 3320 1247 3412 Dispare
1299 3336 1503 3413 quarn
1551 3314 1752 3405 fatu,
1805 3326 2015 3388 natus
2058 3332 2384 3411 avusque
2436 3318 2665 3396 fimul.

857 3444 1142 3523 Aueror
1187 3460 1366 3517 avus
1413 3442 1745 3538 generis,
1791 3437 2076 3531 juvenis
2121 3441 2280 3535 spes
2325 3444 2669 3536 maxima,
2718 3462 3003 3541 praeter

951 3570 1120 3648 Heu
1161 3566 1558 3661 lachrymas
1604 3566 1952 3641 tumulum
2001 3567 2107 3643 nil
2156 3565 2369 3646 habet
2418 3586 2583 3647 ante
2630 3572 2855 3651 suum.

1587 3826 1766 3927 Pag.
1835 3824 2006 3905 DC
2035 3824 2286 3905 CIII.
2360 3850 2433 3908 1.

850 4036 1026 4111 Non
1080 4032 1408 4130 equidem
1456 4032 1767 4109 extinsta
1818 4056 1940 4123 es,
1993 4034 2254 4110 Protet
2304 4036 2601 4109 meliora
2646 4035 2913 4132 petisti.

852 4162 997 4239 Sed
1041 4161 1242 4234 loca:
1289 4162 1573 4257 jamque
1619 4160 1808 4234 arvis
1857 4158 2124 4255 gaudes
2173 4159 2489 4236 habitare
2528 4163 2803 4253 beatis,

849 4290 1169 4383 Elysium
1217 4286 1416 4361 festis
1459 4286 1852 4381 persultans
1900 4288 2082 4361 laeta
2131 4286 2413 4361 choreis
2442 4340 2471 4379 ‚

847 4415 1186 4491 Floribus
1237 4417 1412 4489 uber
1460 4412 1586 4487 ubi
1618 4414 1844 4516 =tellus
1876 4467 1904 4507 ,
1948 4394 2192 4511 ignara
2237 4416 2621 4489 malorumz

850 4542 1030 4617 Non
1082 4557 1154 4615 te
1201 4539 1407 4614 saeva
1457 4538 1607 4615 lues
1654 4540 1918 4633 laedit,
1964 4562 2099 4617 nec
2143 4543 2442 4631 bruma,
2491 4560 2628 4615 nec
2676 4538 2947 4634 aestas,

851 4666 1142 4743 Esuries
1187 4666 1320 4743 tibi
1367 4666 1604 4757 nulla,
1653 4668 1796 4743 fitis
1831 4644 1980 4743 ⁴tibi
2025 4671 2270 4762 nulla,
2319 4688 2457 4743 nec
2502 4664 2665 4741 aevi

855 4794 984 4867 Est
1035 4792 1445 4897 desiderium
1491 4795 1736 4869 nostri.
1781 4814 1941 4870 nam
1987 4796 2212 4872 libera
2260 4795 2449 4872 vivis

853 4920 1160 4997 Lumine
1206 4924 1283 4999 in
1328 4921 1692 5014 aetherio,
1741 4942 1978 4998 rerum
2028 4925 2262 5001 vicina
2285 4914 2612 5019 parenti.

3226 521 3393 622 '407
3468 583 3491 588 -
