4775 6000
1317 530 2749 634 LIBERQUINTU&
3288 549 3391 636 55

1466 808 1472 817 ι
1614 853 1685 932 X
1713 853 1952 934 XIV.
2018 853 2131 930 De
2177 853 2422 931 eodem.

843 1153 1114 1230 Gratus
1159 1149 1236 1225 in
1279 1169 1444 1224 aere
1495 1147 1672 1222 colit
1719 1147 2038 1242 populus
2091 1159 2163 1219 te
2213 1157 2465 1222 totus:
2510 1147 2589 1224 in
2636 1167 2817 1225 auro
2962 1196 2973 1210 ·

942 1279 1349 1367 Malum-at,
1399 1278 1474 1352 ni
1523 1297 1636 1352 res
1685 1275 2033 1347 invidiosa
2083 1273 2304 1348 foret.

847 1407 990 1482 Sed
1040 1423 1425 1479 memorare
1474 1417 1633 1475 tuas
1685 1421 1831 1476 non
1881 1403 2089 1476 ceffat
2141 1401 2450 1474 carmine
2493 1381 2807 1496 palmas,

934 1531 1385 1622 Porphyrie,
1433 1529 1552 1602 illa
1601 1527 1734 1601 tibi
1782 1527 2021 1601 dedita
2071 1549 2246 1622 gens
2305 1527 2607 1602 Prafina.

843 1659 1138 1754 Effigies
1188 1670 1300 1729 tot
1350 1654 1513 1727 sunt
1567 1655 1772 1726 vivae
1825 1655 2002 1729 tibi:
2057 1673 2218 1726 cum
2268 1653 2534 1750 quibus
2579 1674 2841 1731 aurum

941 1783 1021 1858 S‘i
1063 1797 1336 1873 certet,
1382 1781 1595 1876 pretii
1647 1773 1932 1856 nullius'
1963 1778 2143 1853 illud
2191 1780 2356 1857 erit.

1637 2070 1928 2146 XXV.
1995 2069 2110 2143 De
2161 2069 2405 2147 eodem.
2464 2161 2469 2166 ,

845 2333 1022 2409 Non
1079 2331 1391 2405 Fortuna
1433 2329 1564 2404 tibi
1613 2343 1960 2426 quantum
2013 2319 2358 2424 Vistoria‘
2385 2325 2722 2418 confert,

931 2459 1200 2554 Magna
1253 2456 1476 2546 licet,
1517 2456 1782 2528 meritis
1833 2455 2148 2530 vincitur
2191 2453 2316 2528 illa
2362 2455 2528 2530 tuis.

841 2585 1000 2662 Hac
1045 2585 1116 2657 in
1167 2599 1365 2676 parte
1417 2601 1624 2655 mane
1673 2581 1973 2678 populi:
2025 2579 2467 2655 constantior
2511 2579 2688 2656 haec
2735 2580 2893 2658 est:

940 2712 1187 2784 Altera
1233 2711 1440 2782 turba
1490 2709 1628 2783 tuis
1677 2711 1909 2782 tabeat
1957 2707 2095 2782 ista
2142 2707 2377 2784 bonis.

834 2840 1032 2936 Quae
1081 2855 1194 2911 tua
1243 2834 1637 2927 conspiciet
1685 2833 1970 2929 quoties
2023 2829 2340 2904 viEkricia
2392 2832 2663 2935 flagra,

933 2963 1026 3039 Se
1078 2965 1298 3040 toties·
1336 2975 1632 3061 peraget
1677 2956 1987 3034 criminis
2033 2955 2182 3053 ipsa
2229 2976 2446 3036 ream.

1579 3232 1656 3309 X
1677 3232 1750 3311 X
1772 3232 1844 3309 V
1861 3228 1923 3309 I.
1988 3230 2103 3308 De
2151 3234 2395 3309 eodem

831 3493 1025 3571 Sunt
1073 3486 1334 3586 quibus
1382 3488 1659 3583 amplus
1707 3474 1992 3577 honos}
2039 3502 2230 3567 aetas
2277 3487 2379 3561 est
2425 3484 2692 3588 longa}
2742 3488 2861 3567 sed
2906 3494 3015 3573 im

936 3614 1080 3712 Qui
1130 3630 1406 3689 certant
1451 3634 1666 3689 canae
1716 3636 1864 3690 non
1917 3634 2175 3705 eguere
2227 3634 2469 3688 comae
2492 3668 2527 3705 ‚

830 3742 972 3816 Sed
1023 3739 1362 3831 virtutis,
1398 3740 1592 3815 adest
1643 3740 1760 3813 cui
1811 3741 2082 3836 gloria:
2132 3740 2220 3813 de
2265 3764 2479 3839 grege
2529 3764 2851 3845 qnorum·

927 3868 1365 3962 Porphyrius
1415 3868 1544 3957 jarn
1594 3869 1701 3943 bis
1749 3888 2040 3941 munera
2082 3870 2261 3943 laeta
2315 3870 2506 3948 tulit.

833 3994 981 4095 Q'ui
1027 3995 1340 4087 decuplo
1391 3995 1632 4087 plures
1679 3996 1942 4086 palmas
1995 4018 2202 4091 quam
2255 4012 2621 4087 computat
2672 4018 2965 4097 annon

926 4118 1406 4218 vincentique
1459 4138 1694 4194 comes
1740 4114 1960 4217 gratia
2011 4122 2285 4219 semper
2330 4141 2506 4201 erat.

1166 4374 1556 4469 xxv311.·
1619 4378 2077 4456 Leon-1⁴11
2115 4434 2142 4470 ‚
2213 4381 2827 4481 Ouaronxa,

1811 4540 1898 4615 de
1941 4543 2183 4621 eodm.

821 4796 1291 4890 Endymione
1319 4799 1516 4874 soror
1565 4797 1796 4888 solis,
1853 4798 2006 4873 Dea
2061 4800 2328 4895 Cypris
2371 4804 2639 4884 amavit

917 4926 1276 5001 Anchisen
1300 4979 1327 5020 ,
1375 4928 1546 5004 ficut
1588 4928 1830 5035 fabula
1878 4926 2108 5025 prisca
2149 4931 2397 5009 refert.

3090 5026 3145 5091 ·.
3206 5062 3341 5151 Fae·
