4775 6000
1069 527 1816 707 '‘f-LIBER
1913 575 2663 670 sexa-us„

1325 820 2284 1018 'Tl’ruitjs
2418 891 2569 967 xr.

1419 1054 1424 1062 Ι
1728 1149 2137 1234 fibrarum.

1325 1490 1330 1501 ·
1431 1457 1492 1530 1.
1591 1454 2477 1530 Anrrrnrnr.

768 1725 1200 1847 Turrigerae
1249 1742 1534 1843 quidam
1581 1738 1936 1817 Dominae
1983 1753 2362 1837 correptus
2406 1742 2495 1820 ab
2546 1745 2781 1825 oestro

873 1885 1086 1964 Colla
1127 1897 1369 1958 rotans
1417 1878 1610 1956 fusas
1659 1899 1789 1974 per
1835 1875 2094 1951 furiata
2144 1851 2429 1973 comae,
2526 1959 2533 1966 ,

767 2032 1104 2111 Femineo
1156 2021 1350 2098 cultu
1378 2003 1424 2111 ,‘
1453 2015 1660 2110 cujus
1713 2011 2061 2089 velamina
2115 2014 2386 2090 circum

867 2172 1249 2263 Serpentes
1298 2155 1600 2233 hederae
1623 2208 1649 2245 ,
1701 2153 2028 2249 vittaque
2075 2153 2312 2230 mollis
2353 2173 2529 2233 erat.

759 2315 976 2388 Forte
1027 2319 1208 2378 cavo
1257 2294 1412 2372 duri
1461 2290 1723 2366 montis
1774 2288 2148 2364 sucefferat
2197 2307 2443 2384 antro,

855 2443 1196 2523 Infestum
1241 2435 1458 2510 niveo
1507 2431 1671 2508 dum
1717 2431 1910 2528 fugit
1953 2426 2175 2510 imbre
2222 2430 2511 2529 Jovem.

757 2583 1100 2668 Protinus
1145 2575 1466 2663 affulta,
1513 2589 1722 2648 notas
1775 2569 1930 2645 fera
1977 2569 2184 2644 saeva
2227 2571 2539 2651 latebras

851 2729 920 2802 Α
971 2720 1192 2794 multa
1235 2730 1567 2808 repetens
1617 2709 1912 2804 vespere
1958 2709 2184 2794 caede,
2221 2714 2473 2792 boum.

763 2855 974 2938 Vidit
1020 2865 1103 2925 ut
1147 2848 1268 2923 illa
1319 2847 1456 2922 viri
1501 2845 1782 2919 vultum
1804 2896 1830 2937 ,
1877 2862 2221 2941 naresque
2266 2864 2601 2941 patentes

855 2995 1226 3071 Humanae
1276 2983 1514 3079 coepit
1569 2998 1858 3081 tangere
1907 2983 2137 3059 carnis
2187 2982 2404 3078 odor;

748 3138 982 3215 Firma
1032 3128 1186 3203 solo
1231 3126 1458 3221 figens
1505 3120 1845 3217 vestigia,
1891 3120 2160 3197 lumina
2209 3126 2463 3219 torsit,

857 3264 1438 3359 Horribilemque
1487 3258 1684 3333 dedit
1727 3260 1937 3333 fauce
1989 3274 2336 3339 tremente
2386 3264 2663 3344 sonum.

755 3410 916 3508 Ipsa
959 3404 1164 3479 fimul
1211 3399 1478 3475 vastum
1530 3397 1868 3512 spelunca
1915 3398 2261 3495 remugit,
2311 3398 2390 3471 δι
2438 3402 2591 3496 ipse

847 3541 1249 3622 Arboribus
1301 3554 1597 3634 tangens
1645 3534 1892 3611 nubila
1940 3535 2203 3611 montis
2247 3555 2458 3631 apex.

753 3686 931 3774 llle,
978 3677 1179 3755 fimul
1229 3692 1463 3749 tantus
1517 3672 1757 3747 sonuit
1802 3670 2091 3768 fragor,
2140 3670 2421 3747 horruit
2467 3676 2664 3751 omni

850 3820 1212 3910 Corpore,
1259 3812 1380 3888 vix
1428 3812 1622 3886 ullus
1675 3808 1979 3906 corpore
2026 3809 2262 3886 sensus
2305 3828 2482 3889 erat.

602 3944 612 3951 ’
751 3961 1086 4034 Attamen
1133 3952 1283 4047 ipse
1329 3950 1536 4033 etiam
1584 3948 1780 4025 duris
1829 3950 2219 4025 ulutatibus
2267 3961 2473 4025 auras

841 4090 1230 4179 Concutit,
1287 4087 1361 4161 δε
1412 4087 1626 4163 crinis
1675 4100 1860 4161 torta
1906 4085 2184 4183 flagella
2227 4102 2518 4164 movett

749 4232 848 4307 Et
898 4228 1178 4322 rapiens
1230 4223 1462 4301 subito
1521 4243 1737 4321 grave
1789 4238 2226 4319 tympanon,
2274 4195 2462 4301 arma
2514 4226 2899 4326 Cybelle8‚

848 4368 950 4444 Vi
997 4364 1236 4463 potuit
1284 4381 1593 4459 quanta,
1645 4363 1878 4461 pulsat
1927 4380 2228 4463 utraque
2273 4386 2535 4461 manu3

747 4482 1113 4582 A'uxilium
1160 4505 1372 4579 vitae.
1424 4524 1584 4579 nam
1634 4524 1852 4579 rauco
1903 4506 2183 4582 concita
2233 4502 2469 4601 pulsu'

845 4646 1198 4722 Extimuit
1248 4643 1430 4718 tauri
1477 4659 1756 4743 tergora
1803 4647 1996 4721 tensa
2040 4649 2209 4739 1e0,
2289 4619 2298 4629 ⁸

752 4782 1272 4881 corripuitque
1321 4786 1585 4883 fugam.
1653 4784 1772 4861 Sic
1817 4784 1938 4858 ille
1986 4798 2298 4861 amorre
2345 4784 2797 4885 redemptus:

848 4922 1164 4997 Tantum
1211 4924 1313 5001 est
1360 4924 1688 5003 extremis
1737 4924 2008 5000 casibus
2054 4922 2443 5021 ingenium.
2558 5018 2575 5047 Ι

595 5059 908 5171 „Turn
963 5060 1100 5139 111.
1965 5154 1978 5161 -
2044 5062 2114 5160 Q

3150 5073 3263 5151 ΙΙ.
