4775 6000
1250 501 2746 606 LIBERSEPTIMUS.
3183 539 3350 623 239

1522 811 1671 889 CI.
1772 809 2468 908 EJ'usnzM.

833 1115 903 1190 0
951 1129 1201 1199 crura,
1245 1122 1453 1205 atque
1502 1102 1772 1197 pedes,
1821 1101 1901 1176 ·&
1948 1121 2143 1197 quc,
2190 1097 2311 1175 sed
2356 1097 2558 1193 iure,
2608 1106 2970 1202 peribam,
3099 1135 3106 1140 ·

932 1240 1017 1318 Ο,
1048 1237 1281 1310 femur
1310 1285 1337 1324 ,
1390 1253 1437 1306 ο
1484 1234 1757 1328 pubeS,
1805 1252 1851 1304 o
1900 1228 2136 1316 natis»,
2187 1246 2233 1298 o
2276 1224 2543 1317 latera3

828 1365 901 1440 O
947 1361 1269 1451 humeri,
1320 1358 1585 1434 collum
1632 1370 2006 1444 tenerum,
2058 1352 2456 1448 niveaeque
2504 1355 2863 1452 papillae,

930 1493 999 1564 Ο
1050 1487 1299 1584 digiti,
1349 1508 1394 1559 o
1446 1479 1735 1570 noster,
1783 1482 2051 1554 lumina
2094 1476 2307 1565 bina,
2356 1475 2617 1568 furor;
2723 1521 2732 1531 «

831 1617 930 1692 Et
981 1636 1113 1688 vos
1156 1609 1514 1708 nequitiae
1565 1621 1852 1694 motuS,
1902 1603 2363 1699 consertaque
2413 1600 2679 1696 linguis

927 1742 1168 1830 Basia,
1216 1754 1503 1830 voxque
1552 1753 1599 1806 o
1648 1751 1759 1804 me
1807 1748 1992 1826 quae
2042 1727 2221 1802 facis
2266 1729 2686 1804 exanimem

836 1867 1052 1967 Quod
1100 1867 1151 1940 fi
1198 1861 1404 1958 opica
1458 1858 1531 1932 δι
1584 1859 1769 1931 flava
1816 1851 1963 1943 est,
2012 1874 2150 1929 nec
2208 1851 2419 1928 novit
2465 1854 2774 1933 carmina
2825 1855 3197 1956 Sapphus,

932 1989 1447 2090 Andromeden
1494 1983 1795 2060 Perseus
1836 1981 2047 2071 arsit,
2096 1979 2173 2054 δι
2226 1975 2402 2054 Inda
2447 1979 2614 2055 fuit.

1459 2239 1661 2318 CII.
1755 2187 2630 2350 Anrxrntssor.

830 2509 1033 2586 Bena
1074 2521 1305 2581 mane.
1355 2497 1557 2598 quod
1607 2511 1867 2574 nomen
1918 2493 2185 2570 habes?
2236 2489 2360 2568 ubi
2415 2491 2674 2589 quaeso
2723 2491 2968 2572 licebit

935 2634 1183 2711 Visere
1234 2625 1367 2701 te?
1418 2640 1763 2724 quantum
1816 2622 1927 2698 vis
1976 2620 2210 2706 dabot
2262 2637 2402 2693 nec
2446 2620 2822 2718 loqueris?

835 2761 1063 2857 Degis
1109 2756 1233 2832 ubi
1260 2757 1295 2826 ?
1346 2773 1517 2829 num
1548 2751 1817 2824 mittam
1850 2747 2149 2844 aliquem
2176 2746 2213 2818 ‘2’
2260 2763 2432 2819 num
2465 2748 2760 2844 propria
2799 2747 3132 2847 cuiquam
3176 2755 3312 2831 es?

932 2886 1130 2960 Dura
1178 2883 1334 2958 vale
1366 2903 1391 2954 ι
1438 2878 1675 2954 reddis
1722 2896 1861 2951 nec
1899 2873 2070 2947 mihi
2111 2889 2297 2947 voce
2344 2869 2502 2946 vale
2526 2872 2564 2946 ἲ

838 3015 1135 3109 Saepius
1184 3008 1539 3084 accedam.
1614 3004 1831 3079 didici
1876 3001 2097 3099 magis
2142 2998 2387 3092 aspera
2439 2995 2659 3075 corda

903 3138 1249 3217 mettere
1283 3160 1308 3211 ι
1360 3136 1483 3211 sed
1526 3132 1699 3209 mihi
1744 3149 1935 3208 nunc
1981 3126 2083 3203 est
2130 3124 2293 3199 satis
2345 3138 2429 3198 ut
2483 3124 2736 3203 valeas.

1478 3390 1731 3465 ειη.
1832 3346 1985 3483 Εἰ
2035 3406 2091 3459 u
2140 3402 2175 3459 s
2226 3402 2282 3455 n
2332 3402 2383 3457 ι
2435 3404 2526 3459 Μ.

902 3584 910 3589 ”
2393 3564 2418 3607 Ι

842 3655 1095 3733 Amnis
1140 3650 1259 3724 hic
1306 3649 1407 3723 est
1463 3648 1739 3723 Eurota
1786 3640 2232 3722 Laconicus:
2285 3638 2460 3713 haec
2508 3641 2654 3715 fine
2703 3640 2905 3716 veste

940 3780 1183 3869 Leda,
1228 3778 1359 3853 sub
1406 3774 1548 3848 hoc
1594 3794 1827 3865 cycno
1878 3769 2210 3869 Juppiter
2254 3766 2402 3861 ipfe
2449 3767 2648 3841 latet.

843 3910 1076 3986 Uritis
1122 3905 1261 3977 heu
1312 3899 1651 3977 miserum.
1700 3899 1855 3975 fieri
1902 3896 2076 3993 quin
2122 3896 2265 3967 ales
2314 3894 2389 3968 δι
2445 3895 2642 3988 ipse,

944 4036 1120 4111 Non
1178 4030 1393 4120 olor,
1438 4047 1523 4101 ut
1571 4027 1899 4122 superum
1946 4044 2118 4114 rex,
2168 4021 2289 4095 sed
2337 4020 2581 4097 alauda
2632 4020 2876 4097 velim.

1326 4376 1337 4384 ,
1430 4283 1667 4363 CIV.
1772 4282 2580 4357 MBLBAGRI.

848 4548 1124 4623 Dulces
1154 4567 1328 4650 'cum
1382 4545 1645 4619 cithara
1690 4540 1993 4629 Musae,
2044 4534 2377 4633 sapientia
2428 4532 2661 4629 dista,

938 4675 1079 4748 Sed
1125 4674 1399 4769 lepida,
1450 4686 1523 4747 et
1576 4666 1829 4741 doetus
1878 4666 2123 4755 frena,
2179 4662 2524 4757 Cupido,
2575 4662 2761 4757 pati,

842 4801 1293 4894 Zenophile,
1342 4815 1637 4892 regnum
1687 4794 1818 4869 tibi
1864 4794 2035 4865 dant
2077 4790 2153 4864 in
2200 4786 2578 4862 amoribus·-
2629 4786 2782 4886 ipsa

945 4924 1093 5001 Cui
1142 4926 1385 5003 tribuit
1435 4922 1695 5001 dunum
1753 4918 2001 4997 Gratia
2049 4934 2247 4994 terna
2298 4914 2590 5012 triplex.

1010 5062 1017 5067 ·
3183 5035 3251 5111 C
3269 5036 3366 5114 V:
