4775 6000
1320 529 1833 614 LIBER
1936 531 2618 616 SEXTUS.

1253 853 1419 932 111.
1500 853 1825 932 Pilum
1902 850 2628 937 Suana-mnu.
2699 845 2710 858 ‘

782 1149 1162 1226 Caeruleas
1212 1143 1581 1244 plumbum
1632 1141 1911 1216 solitum
1962 1141 2229 1237 fignare
2280 1144 2546 1240 figuras
2571 1199 2602 1238 ,

880 1275 979 1351 Et
1031 1275 1293 1350 filicem
1341 1267 1649 1341 calamus
1690 1285 1906 1362 quem
1956 1265 2117 1340 vice
2164 1269 2345 1343 cotis
2393 1269 2608 1345 habet
2625 1322 2666 1364 ‚.

778 1403 877 1478 Et
924 1393 1139 1475 latum'
1188 1395 1559 1487 chalybem
1608 1389 1737 1487 qui
1785 1390 2006 1468 donat
2053 1393 2371 1470 acumine
2431 1415 2771 1492 cannam,

874 1526 975 1601 Et
1026 1542 1209 1621 quae
1254 1521 1549 1592 lineolae
1600 1515 1847 1610 regula
1886 1513 2069 1607 iusta
2116 1515 2347 1612 regit-3

706 1651 713 1660 ’
772 1651 873 1727 Et
920 1665 1231 1724 veterem
1279 1644 1553 1740 nigrum
1596 1641 1875 1714 laticem
1924 1659 2133 1735 quem
2181 1641 2457 1737 sculpta
2506 1668 2811 1728 caverna

874 1773 1168 1846 Occulit
1184 1821 1215 1862 ,
1268 1767 1345 1842 <St
1392 1765 1641 1840 calami
1690 1783 1903 1860 quem
1955 1765 2133 1839 bibit
2180 1765 2382 1860 asper
2431 1788 2663 1864 apex,

771 1899 1145 1977 Mercurio
1191 1895 1411 1970 donat
1458 1889 1967 2008 Philodemus,
2018 1889 2147 1964 cui
2190 1893 2428 1988 gravis
2477 1913 2667 1995 aetas

870 2023 1167 2121 Rugosa
1212 2019 1395 2096 texit
1439 2013 1701 2090 lumina
1746 2011 2106 2107 pellicula.

1454 2307 1611 2382 IV.
1712 2243 2430 2402 EJu‘snnna.

776 2601 1195 2682 orbiculum
1243 2593 1529 2692 plumbi·
1563 2594 1689 2692 qui
1734 2593 1979 2670 radere
2030 2597 2247 2672 novit
2299 2603 2602 2682 amuffim
2625 2659 2660 2702 ‚.

866 2731 967 2804 Et
1012 2725 1269 2800 rectam
1316 2723 1511 2816 cepit
1557 2741 1769 2817 quam
1814 2721 2031 2794 semel
2076 2721 2181 2794 ire
2228 2725 2410 2798 viam
2430 2783 2470 2820 ‚.

768 2857 869 2934 Et
915 2857 1172 2946 durum
1221 2850 1591 2942 chalybem
1643 2865 1791 2942 quo
1840 2863 2075 2920 canna
2104 2863 2453 2941 voratur,
2503 2855 2750 2932 amuffi.

870 2981 1057 3057 Cum
1106 2977 1341 3067 duce,
1391 2992 1603 3071 quam
1652 2969 1915 3069 gaudet
1956 2973 2161 3047 litera
2212 2971 2424 3048 dueta
2469 2975 2712 3076 sequi,

762 3110 863 3185 Et
910 3110 1191 3181 saevum
1238 3101 1545 3195 lapidem
1592 3100 1915 3197 geminos
1966 3098 2272 3193 spicatut
2320 3100 2600 3179 arundo

858 3236 1025 3331 Quo
1072 3230 1373 3317 dentes,
1418 3226 1667 3301 hebuit
1716 3228 1768 3300 fi
1818 3243 1961 3329 qua
2006 3226 2327 3303 notando
2374 3228 2552 3320 diu,

766 3364 1115 3461 Quaeque
1160 3354 1394 3427 cubile
1440 3352 1582 3427 fuit
1636 3349 1962 3425 Tritonis
2012 3349 2309 3447 spongia
2350 3354 2598 3429 somno
2617 3409 2645 3446 ‚

865 3485 1043 3559 Non
1081 3482 1280 3555 -bene
1326 3476 1578 3569 scripta
1628 3490 1754 3547 sua
1802 3470 1933 3569 qui
1979 3474 2373 3551 medicatur
2416 3500 2603 3574 ope,

761 3607 1370 3701 Multiforemque·
1407 3620 1634 3675 arcam
1682 3618 1861 3695 quae
1910 3618 2072 3673 cum
2114 3601 2412 3697 loligine
2459 3616 2755 3696 totum,

862 3735 1028 3831 Quo
1074 3730 1445 3825 pulchrum
1491 3726 1799 3801 scribens
1848 3726 2167 3822 indiget,
2217 3726 2412 3804 intus
2457 3727 2710 3823 habet,

755 3860 901 3935 Dat
951 3858 1079 3933 tibi
1129 3854 1580 3950 Calligenes,
1629 3851 1863 3945 Maiae
1911 3872 2147 3947 puer,
2198 3854 2342 3929 otia
2390 3856 2782 3953 postquam.

852 3983 1159 4079 Accepit
1193 3978 1403 4055 ‚senio
1446 3978 1583 4073 jam
1632 3978 2091 4095 tremebunda
2136 3997 2410 4055 manus.

1505 4269 1601 4345 V.
1705 4270 2354 4345 I'NcERTh

760 4530 1035 4607 Siccum
1057 4578 1083 4616 ‚
1134 4546 1372 4613 er-rore
1421 4546 1681 4623 vagans
1732 4548 1881 4627 quo
1930 4527 2183 4625 figitur·
2220 4529 2492 4621 orbita‚‘
2541 4531 2951 4628 plumbum,

858 4652 1077 4753 Unde
1129 4654 1315 4747 capit
1364 4670 1599 4727 certos
1647 4654 1847 4727 litera
1889 4650 2080 4749 picta
2124 4654 2426 4744 modos,

757 4778 1101 4876 Quaeque
1147 4782 1329 4877 regit
1376 4780 1649 4875 plumbi
1690 4777 2123 4853 moderatrix
2170 4780 2414 4871 regula
2461 4782 2779 4879 cursum,

848 4904 1393 5007 Multiforisque
1444 4908 1646 4986 velut
1686 4904 1981 5007 spongia
2030 4904 2279 4981 scabra.
2310 4902 2520 5001 filex,

1893 5030 1967 5107 Y
2017 5050 2065 5123 a

3155 570 3316 651 173

3117 5034 3265 5129 Ure
3377 5132 3384 5141 .
