4775 6000
1174 563 1683 645 LIBER
1782 564 2673 656 SEPTIMUS·

1417 855 1600 935 CV.
1706 855 2392 956 EJuznssM.

731 1145 1134 1244 Zenophfle
1180 1145 1491 1225 facunda
1536 1145 1755 1239 mihi,
1803 1147 1989 1245 proh
2040 1147 2421 1247 Juppiterl
2465 1171 2506 1226 a
2556 1175 2706 1253 quo

836 1275 1108 1366 Venit,
1158 1291 1243 1350 ut
1292 1274 1529 1350 Idaliis
1574 1274 1666 1350 de
1712 1275 1942 1353 tribus
1993 1293 2137 1350 una
2182 1272 2381 1347 soror
2419 1275 2456 1346 2

732 1401 1187 1500 Quicumque
1226 1402 1349 1477 ille
1396 1399 1539 1476 fuit
1558 1452 1588 1491 ‚
1636 1399 1845 1475 scivit
1882 1398 2050 1474 dare
2096 1417 2385 1475 munera
2431 1417 2628 1498 grata
2651 1454 2689 1500 ,

824 1528 985 1623 Ipsa
1028 1547 1161 1624 per
1208 1527 1403 1602 hunc
1452 1525 1673 1623 gratis
1726 1523 1974 1622 Gratia
2022 1515 2294 1622 quippe
2342 1522 2504 1600 data
2545 1531 2676 1606 est.

1350 1719 2396 1880 CVL‘EJusnrtra.

720 2043 855 2118 Ista
899 2042 1311 2137 procellofis
1358 2037 1581 2116 oculis
1630 2038 1997 2135 Asclepias
2016 2091 2043 2132 ‚
2088 2057 2172 2113 ac
2219 2040 2273 2114 fi

818 2165 1011 2242 Suda
1052 2167 1289 2258 foret,
1341 2165 1643 2242 cunffos
1685 2166 1763 2242 in
1816 2184 2006 2238 mare
2054 2165 2309 2240 amoris
2356 2168 2525 2264 agit.

1330 2419 1625 2499 CVII.
1726 2419 2416 2518 EJusnzm.

706 2679 981 2756 Saevus
1036 2657 1305 2767 Amor,
1349 2675 1633 2752 saevus:
1688 2675 1809 2752 sed
1858 2676 2034 2774 quid
2080 2693 2315 2756 tamen
2367 2679 2592 2773 utile,
2641 2683 2694 2762 fi
2745 2631 2896 2785 ἦσΙῙ

808 2805 1103 2899 Saepius
1156 2803 1231 2877 ὰ
1276 2803 1565 2895 plorans
1615 2803 1912 2892 dixero,
1962 2803 2215 2879 saevus
2265 2807 2516 2882 Amor.

698 2933 927 3009 Ridet
973 2929 1205 3021 enim,
1254 2927 1535 3025 dicique
1582 2928 1709 3005 fibi
1754 2929 1949 3002 male.
1983 2926 2293 3024 gaudet,
2346 2928 2421 3005 ὅτ
2469 2930 2634 3029 ip'fis

799 3060 1046 3160 (Quis
1096 3070 1298 3152 putet
1316 3053 1413 3150 2)
1466 3056 1873 3153 opprobriis
1916 3054 2228 3151 pascitur
2274 3055 2398 3130 ille
2445 3077 2655 3152 puer.
2789 3088 2792 3093 ·

701 3187 872 3263 Hoc
918 3186 1157 3283 potius
1196 3182 1464 3272 miror,
1512 3184 1750 3281 pelagi
1798 3182 2055 3259 Venus
2101 3196 2256 3257 orta
2304 3182 2673 3277 profundo

792 3314 912 3389 Ex
957 3313 1123 3408 ipfis
1171 3310 1411 3407 ignem
1462 3307 1585 3402 qui
1634 3308 2006 3405 generavit
2047 3304 2282 3405 aquis„

1130 3590 1145 3595 ·
1293 3565 1647 3646 CVIII.
1749 3568 2448 3665 EJusnnn.

688 3829 826 3905 Per
874 3827 1232 3905 Venerem
1280 3827 1572 3902 flammis
1618 3846 1809 3903 uram
1860 3824 2371 3920 crepitantibus
2421 3846 2628 3903 arcus
2648 3878 2679 3920 ,

788 3956 888 4031 Et
931 3956 1373 4051 pharetrann
1422 3972 1605 4050 quae
1654 3953 1798 4027 fert
1844 3953 2029 4043 tela,
2089 3953 2427 4051 Cupido,
2472 3972 2691 4030 tuam.

693 4080 852 4156 Cur
897 4080 1157 4155 etenim
1206 4081 1449 4155 fimum
1498 4094 1888 4175 torquens,
1929 4099 2111 4173 puer
2158 4082 2535 4178 improbe,
2583 4084 2825 4163 nasum

782 4204 1070 4281 Rides?
1127 4205 1561 4282 sardonicus
1606 4206 1741 4301 jam
1794 4202 1925 4279 tibi
1966 4204 2147 4281 risus
2195 4210 2353 4282 erit.
2517 4300 2521 4305 ι

684 4328 929 4430 Quid,
980 4331 1111 4407 tibi
1163 4333 1213 4407 fi
1260 4352 1530 4426 pennas
1582 4332 1931 4424 resecem,
1983 4334 2246 4430 quibus
2298 4337 2456 4410 aera
2499 4334 2724 4415 sulcas
2748 4392 2776 4432 ,

778 4456 879 4532 Et
923 4456 1099 4532 dura
1149 4458 1437 4556 religem
1486 4456 1832 4552 compede
1881 4478 2085 4531 crura
2133 4460 2319 4537 tibi?

683 4580 829 4657 sed
883 4557 1194 4659 c'admea
1244 4585 1439 4660 foret
1486 4581 1830 4676 viam„
1880 4584 1934 4660 fi
1984 4584 2154 4659 mihi
2197 4601 2436 4663 tecum

776 4708 887 4785 Sit
931 4707 1229 4803 domus,
1273 4710 1414 4783 hoc
1458 4710 1541 4785 fit
1588 4728 1797 4783 ovem
1848 4710 2255 4787 consociare
2302 4716 2509 4812 lupo.

678 4835 833 4933 Jam
884 4837 1181 4911 testator
1230 4836 1386 4914 abi:
1434 4836 1741 4932 pedibus
1790 4834 2027 4909 talaria
2070 4838 2327 4932 neae,

776 4960 1007 5059 Inque
1051 4962 1231 5041 alios
1278 4964 1419 5042 alas
1467 4962 1806 5062 plaudere
1852 4962 2047 5037 disce
2094 4979 2276 5041 tuas.

568 5082 643 5164 T
661 5106 817 5163 om.
864 5086 999 5163 111.
1880 5088 1955 5166 H
1973 5088 2022 5163 h

3108 585 3265 675 241

2944 5098 3184 5217 clx.
