4775 6000
2384 527 2887 646 (ενι)

1269 761 1442 848 deri
1461 759 1676 848 debet
1693 769 2020 874 propter
2061 755 2457 858 continua,
2495 781 2693 866 quae
2728 753 3141 868 Europam
3164 760 3657 868 perturbant
3673 823 3700 867 ,
3758 763 4015 867 bella,-

1271 901 1423 960 non
1499 877 1759 960 minus
1831 870 2388 980 elegantior-um
2466 867 2920 956 litterarum
2974 865 3255 980 studiis
3304 871 3636 958 inimica
3667 937 3695 980 ‚
3776 901 4013 986 quam

1273 987 1610 1070 bttmano
1645 987 1918 1096 generi
1940 985 2405 1095 perniciosa.
3654 983 3669 1002 “

1383 1096 1796 1207 Postquam
1862 1096 2067 1181 enim
2128 1112 2509 1181 accurata
2556 1093 2873 1208 Josepbi
2934 1094 3266 1210 Spaletti
3308 1099 3599 1183 codicis
3650 1095 4015 1186 Palatini

1269 1210 1670 1321 descriptio
1719 1225 1876 1319 per
1929 1207 2419 1294 Ludovicum
2488 1205 2905 1316 Ernestum
2977 1211 3511 1296 Gothanorum
3570 1209 3665 1295 δι’
3736 1213 4013 1299 Alten·

1271 1320 1753 1432 burgensium
1808 1319 2116 1404 Ducem
2136 1317 2694 1430 serenifflmum
2708 1383 2737 1425 ,
2794 1323 2881 1404 in
2933 1322 3336 1432 publicam
3392 1323 3834 1408 Gotbanam
3873 1327 4017 1410 Bi·

1270 1433 1720 1520 bliotbecam
1758 1427 1929 1542 fuit
1987 1431 2249 1518 delata
2263 1492 2294 1538 ‚
2353 1429 2449 1518 &³
2504 1457 2673 1517 eam
2728 1435 3068 1518 adeundi
3114 1434 3325 1518 viris
3391 1437 3625 1521 dodis
3660 1435 4019 1543 facultas

1271 1547 1469 1633 data
1485 1609 1511 1650 ‚
1555 1543 1826 1653 statim
1844 1607 1872 1650 ‚
1931 1571 2026 1630 ne
2063 1546 2254 1631 alios
2301 1571 2717 1636 memorem
2732 1607 2759 1650 ‚
2820 1542 3369 1654 eruditiffimus
3390 1543 3785 1656 Jacobfius
3804 1611 3831 1648 ‚
3878 1550 4017 1657 qui

1253 1659 1438 1764 jam
1481 1659 1776 1743 dudum
1812 1683 1986 1740 cum
2023 1660 2715 1770 epigrammatibus
2774 1657 3103 1742 Graecis
3142 1656 3538 1766 summam
3580 1659 4019 1769 familiari·

1267 1785 1511 1856 tatem
1571 1787 2080 1855 contraxerat
2101 1832 2128 1875 ,
2186 1769 2629 1880 occasionem
2674 1772 2941 1854 nactus
2981 1767 3082 1870 esi
3101 1832 3128 1871 ,
3185 1769 3659 1881 ampltffimis
3714 1771 3809 1857 ἐφ’
3848 1775 4018 1858 do‘c-

1271 1881 1572 1994 tiffimis
1627 1881 2209 1968 commentariis
2255 1879 2815 1989 Antbologiam
2856 1882 3249 1966 Graecam
3314 1881 3787 1989 illustrandi.

1377 1993 1565 2078 Huc
1620 1997 1917 2079 accedit
1936 2056 1961 2097 ,
2019 1997 2229 2104 quod
2240 2057 2266 2092 ,
2339 2019 2519 2078 cum
2568 1997 2881 2080 victores
2930 1993 3147 2078 Galli
3210 1996 3429 2078 inter
3465 1996 3631 2079 alia
3710 1999 4009 2104 opima,

1267 2127 1466 2218 quae
1508 2107 1601 2192 de
1694 2131 1976 2196 ummo,
2015 2102 2397 2208 Pontifice
2435 2106 2844 2218 superiore
2892 2129 3098 2190 anno
3148 2123 3669 2216 reportarunt
3705 2109 3960 2220 spolia
3979 2171 4006 2212 ,

1274 2221 1512 2305 etiam
1569 2219 1602 2302 i
1663 2243 1796 2302 um
1867 2217 2114 2330 ipsum
2192 2218 2777 2303 celeberrimum
2832 2218 3183 2301 Codicem
3238 2217 3703 2304 Palatinum
3755 2221 4015 2305 Roma

1265 2327 1670 2416 Lutetiam
1715 2329 2194 2442 Parisiorum
2268 2333 2835 2442 deportandum
2906 2332 3273 2414 curarint
3304 2385 3331 2425 ‚
3419 2333 3759 2439 undique
3840 2358 4015 2417 con·

1257 2441 1507 2550 cursio
1551 2441 1772 2550 ‘faita
1808 2441 1913 2552 sit
1947 2505 1973 2544 ‚
2071 2443 2186 2528 ad
2225 2469 2409 2538 ‚eum
2474 2469 2567 2528 no
2575 2471 2747 2530 vum
2804 2439 3089 2553 poesios
3152 2443 3504 2526 Graecae
3562 2441 4012 2551 thesaurum

1265 2553 1826 2668 inspiciendum
1883 2553 1977 2642 C?
2025 2582 2124 2640 ex
2173 2581 2254 2640 eo
2291 2553 2608 2664 fruitus
2622 2619 2648 2658 ‚
2706 2569 2959 2668 prout
3032 2555 3352 2664 quisque
3396 2555 3627 2639 utiles
3676 2553 3830 2662 fibi
3856 2574 4013 2667 pu·-

1267 2670 1501 2752 t'abat
1519 2729 1544 2770 ,
1603 2669 1932 2753 naviter
1971 2667 2449 2776 colligendos.
2562 2667 2847 2782 Quare
2878 2691 3094 2750 nemo
3141 2663 3321 2773 fere
3353 2670 3763 2774 quisquam
3808 2683 4013 2775 pau-

1271 2778 1342 2864 lo
1399 2779 1596 2863 docti
1597 2803 1691 2862 or
1709 2844 1738 2884 ‚
1781 2779 2066 2888 sivein
2123 2781 2559 2864 Germania
2598 2781 2768 2886 sive
2822 2781 2909 2861 in
2948 2777 3221 2862 Gallia
3272 2780 3491 2861 hodie
3544 2779 3969 2862 invenitur
3982 2842 4010 2881 ‚

1273 2891 1412 3001 qui
1467 2915 1618 2976 non
1684 2891 2035 2977 Graecae
2094 2891 2607 2999 Anthologiae
2644 2890 2990 3005 aliquam
3041 2914 3321 2974 curam
3374 2907 3611 2996 gerat
3642 2953 3670 2996 ‚
3732 2904 3839 2972 ut·
3904 2890 4019 3003 ip-

1239 3002 1396 3117 sae
1445 3006 1960 3113 ephemerides
2012 3002 2421 3110 testantur.
3022 3054 3031 3061 ·
3512 3074 3537 3085 ,

1411 3118 1674 3219 Talis
1713 3124 1926 3249 apis
1961 3120 2274 3237 stridit
2312 3116 2819 3247 liquefafi‘a
2860 3119 3005 3219 ad
3026 3121 3398 3249 viscera
3442 3127 3750 3223 tauri.

1385 3250 1608 3337 Unde
1661 3256 1852 3362 quin
1910 3254 2252 3339 melioris
2306 3270 2535 3339 notae
2613 3253 2849 3337 mella
2922 3268 3423 3360 proventura
3479 3254 3681 3365 sint,
3786 3280 4005 3342 nemo

1254 3362 1510 3469 facile
1563 3366 1978 3453 dubitabit.
2251 3374 2268 3401 ¹

1379 3476 1636 3561 Nobis
1692 3480 1996 3563 interea
2052 3476 2155 3577 eli
2205 3480 2415 3593 quod
2454 3478 2995 3589 gaudeamus,
3042 3479 3179 3585 qui
3234 3475 3700 3565 Huc-,oms
3760 3482 4007 3567 Gno-

1269 3610 1416 3673 ‘ru
1487 3588 1887 3675 voluntati
1935 3590 2513 3699 satisfecimus,
2590 3589 2683 3675 &⁹
2742 3615 3035 3672 novum
3096 3587 3325 3699 ipsius
3382 3590 3681 3695 ingenii
3742 3618 4008 3678 monu-

1271 3717 1616 3783 mentum
1681 3706 1766 3787 in
1833 3702 2110 3788 mediis
2162 3730 2437 3789 rerum
2477 3701 2982 3815 publicarum
3025 3697 3400 3808 procellis
3474 3702 4004 3813 bellorumque

1268 3810 1670 3917 horrisono
1699 3811 2032 3923 strepitu
2053 3878 2078 3919 ‚
2135 3820 2416 3925 quibus
2456 3814 2766 3924 semper
2811 3813 3311 3895 retardatum
3354 3808 3529 3919 fuit
3556 3814 3762 3897 illud
3790 3835 4003 3926 opus,

1270 3922 1356 4003 in
1391 3920 1633 4005 lucem
1673 3928 2048 4011 dedimus.
2163 3924 2340 4012 Tali
2374 3930 2581 4011 enim
2633 3926 2847 4009 modo
2893 3925 3108 4036 apud
3156 3938 3472 4008 exteras
3521 3928 3873 4012 nationes
3912 3928 4005 4015 &⁹

1274 4032 1486 4117 cives
1543 4042 1636 4119 de
1691 4038 2286 4123 humanioribus
2325 4038 2633 4123 litteris
2666 4064 2804 4120 nos
2846 4039 3033 4119 bene
3086 4036 3424 4139 mereri,
3481 4052 3717 4143 atque
3778 4040 4007 4150 ipsius

1253 4146 1580 4253 patriae
1627 4148 1970 4254 gloriam
2013 4148 2413 4235 vindicare
2435 4215 2462 4253 ,
2518 4151 3045 4233 arbitramur.
3156 4142 3361 4257 ,Qua
3414 4176 3505 4233 re
3560 4149 3771 4234 nihil
3801 4154 4007 4263 sane

1265 4260 1584 4367 gratius
1639 4262 1934 4345 homini
1971 4266 2300 4371 ingenuo
2352 4264 2709 4347 accidere
2744 4258 3013 4369 potesl.
3994 4300 4002 4307 ·

1385 4367 1649 4453 Valete
1702 4375 1964 4484 itaque
2021 4379 2176 4461 viri
2209 4402 2337 4461 am
2345 4373 2637 4485 ictffimi
2657 4437 2681 4475 ‚
2740 4370 2834 4455 δέ
2882 4374 2969 4454 in
3012 4370 3483 4478 optimarum
3546 4374 3847 4459 artium
3906 4400 4002 4459 ac

1271 4478 1860 4591 dist-{olinarum
1911 4484 2200 4595 studiis
2255 4488 2696 4573 excolendis
2751 4482 3309 4570 commilitones
3328 4484 3785 4595 suamffimi.

1437 4702 1760 4807 Dabam
1793 4708 1918 4803 die
1961 4736 2188 4798 xxvu
2251 4711 2603 4799 Octobris
2660 4736 3165 4801 Moccxcvm.
3225 4704 3850 4817 Amstelaedami.
