4775 6000
1088 546 2836 681 ‚THEOCRITEAJ

832 787 1000 868 Post
1045 783 1419 875 tenebras,
1469 793 1555 857 ut
1601 801 1731 859 ver
1783 780 2103 877 tepidum
2148 782 2313 879 post
2365 780 2638 879 frigora
2685 781 3028 883 brumae,

822 932 1091 1007 ‘Aurea
1134 942 1287 999 non
1332 918 1537 997 aliter
1581 938 1717 995 nos
1764 917 1953 995 inter
2002 916 2365 1013 Tyndaris
2415 920 2693 1017 exstat,

830 1061 1181 1163 Pinguior
1235 1060 1313 1135 ὅτ.
1356 1057 1602 1153 major.
1659 1054 1879 1155 Seges
1926 1056 2003 1134 in
2050 1060 2474 1139 flaventibus
2523 1062 2710 1139 arvis
2732 1117 2761 1157 ‚

829 1204 1207 1287 Thess'alus
1249 1198 1327 1273 in
1376 1216 1591 1273 curru
1642 1196 1970 1295 sonipes,
2020 1203 2389 1296 cupreffus
2439 1200 2516 1301 in
2567 1168 2838 1298 hortis,

834 1322 1205 1441 Tyndaris
1246 1341 1320 1415 in
1366 1352 1523 1455 tota
1568 1337 2098 1415 Lacedaemone
2146 1340 2448 1427 pulchra
2497 1341 2801 1422 renidet,

836 1482 1064 1561 Nulla
1112 1474 1350 1574 potest
1399 1472 1617 1568 qualo
1666 1483 1907 1545 tantos
1955 1469 2227 1544 variare
2276 1468 2558 1549 labores
2579 1498 2616 1547 z·

834 1620 1061 1699 Nulla
1108 1610 1509 1711 puellarum
1554 1606 1753 1682 radio
1801 1606 2201 1685 subtemina
2250 1608 2448 1685 ducit
2495 1629 2509 1642 ¹

833 1756 1143 1840 Doctior
1192 1742 1423 1824 ordiri'
1464 1746 1723 1820 stantes
1775 1744 2076 1821 tibicine
2120 1746 2325 1823 telas.

830 1895 1055 1975 Nulla
1104 1890 1264 1967 fidis
1314 1885 1525 1983 pulsu
1569 1883 1821 1959 melius
1873 1880 2175 1958 Latoida
2224 1900 2511 1981 cantat,

828 2031 1150 2115 Pectoris
1192 2041 1319 2101 aut
1362 2027 1584 2099 multa
1632 2022 2015 2097 mirandam
2062 2024 2252 2096 mole
2302 2022 2762 2122 Minervam,

702 2138 719 2155 ⁸
834 2178 1070 2275 Quam
1118 2181 1283 2255 tua,
1332 2181 1510 2259 quae
1562 2156 1865 2233 cunctos
1918 2159 2141 2235 oculis
2182 2133 2492 2235 includit
2543 2182 2840 2245 amores.

826 2307 1089 2404 Dulcis
1135 2320 1209 2377 at
1256 2321 1303 2374 o
1354 2298 1596 2395 virgo,
1652 2309 1730 2369 tu
1772 2292 1909 2389 iam
1958 2311 2282 2374 matrona
2330 2299 2652 2375 vocaris.

662 2478 673 2495 ·
828 2450 1043 2538 Nos,
1093 2441 1220 2517 ubi
1263 2456 1466 2511 mane
1514 2454 1834 2528 novum,
1873 2438 2149 2533 procul
2178 2437 2259 2513 in
2305 2415 2682 2518 viridantia
2729 2459 2943 2545 pratae
3039 2420 3062 2451 ‘'

832 2584 1137 2669 Ibimus,
1188 2575 1266 2650 &
1315 2592 1685 2671 carpemus
1734 2554 2013 2648 ofentes
2062 2571 2278 2651 suave
2328 2579 2685 2674 corollas;

838 2722 1093 2802 Multa‘
1130 2716 1241 2793 tui
1286 2697 1681 2805 memores,
1732 2712 2077 2806 Helene,
2104 2735 2241 2792 ceu
2290 2718 2630 2799 mollibus
2677 2725 2895 2825 agnis«

829 2866 1078 2945 Ubera
1123 2859 1487 2956 lanigerae
1526 2853 1855 2930 fitiuntur
1901 2850 2178 2950 turgida
2224 2854 2514 2950 matris3

828 3007 997 3084 Nos
1048 2994 1397 3076 nascentis
1440 2992 1691 3086 humi,
1731 3013 1870 3070 nos
1918 2992 2185 3090 primae
2210 3048 2237 3087 ,
2286 2996 2570 3076 vincula
2616 3000 2752 3078 loti

825 3145 1041 3222 Nexa
1089 3139 1227 3218 tibi
1268 3131 1501 3235 gelida
1547 3132 1815 3230 piatani
1860 3151 2211 3230 ponemus
2258 3133 2335 3210 in
2382 3138 2657 3217 umbra.

826 3285 992 3362 Nos
1039 3303 1133 3355 ex
1176 3292 1475 3376 argento
1523 3274 1789 3370 primae
1838 3272 1971 3349 tibi
2015 3275 2283 3350 flumen
2334 3274 2628 3368 odoris,

829 3407 997 3488 Nos
1043 3406 1186 3485 tibi·
1220 3403 1345 3480 sub
1392 3399 1623 3500 gelida
1671 3399 1942 3495 platani
1985 3400 2361 3476 libabimus
2406 3403 2652 3484 umbra
2669 3425 2710 3480 ε·

828 3543 1051 3622 Unde
1096 3539 1242 3639 legi
1290 3529 1592 3636 poffint,
1643 3551 1895 3612 cortex
1942 3550 2066 3612 tua
2116 3539 2420 3635 scriptus
2465 3541 2766 3618 habebit

825 3671 1184 3752 Nomina:
1235 3665 1363 3740 Me
1406 3683 1723 3742 venerare
1742 3717 1768 3758 ‚
1818 3663 2125 3739 Helenae
2158 3663 2312 3765 sum
2358 3668 2604 3744 nobilis
2643 3670 2864 3748 arbor.

830 3812 1208 3902 Gaudete,
1258 3829 1305 3884 o
1354 3806 1533 3884 felix
1580 3807 1829 3883 ibcero
1876 3828 2145 3904 gener,
2202 3806 2280 3883 δι
2325 3808 2532 3914 bpna‘
2566 3812 2912 3906 conjunx.

829 3939 1007 4016 Det‘
1035 3937 1311 4012 Latona
1352 3955 1656 4029 precor,
1706 3929 1986 4011 Latona
2034 3943 2434 4033 puerpera,
2491 3938 2700 4013 vobIs

676 4094 681 4100 ¹
822 4064 976 4168 Det
1024 4058 1388 4136 sobolem:
1450 4057 1722 4153 C'ypris
1767 4059 2026 4156 pariles
2047 4112 2075 4151 ‚
2128 4061 2287 4136 Dea
2342 4058 2655 4159 cypris,
2699 4083 2974 4144 amores
3001 4087 3043 4142 e:

824 4185 1159 4288 Juppiter
1203 4201 1523 4262 aeternas
1570 4183 1711 4258 det‘
1741 4205 1967 4280 opes,
2012 4181 2135 4258 det
2185 4183 2576 4282 Juppiter,
2627 4188 2818 4265 olim-

826 4313 1193 4392 Nobilitas
1242 4313 1437 4388 seros
1482 4325 1573 4386 ut
1610 4307 1789 4386 ditet
1840 4309 2029 4385 avita
2077 4327 2422 4406 nepotes.

823 4445 1034 4521 Alter
1079 4443 1153 4517 in
1203 4441 1491 4519 alterius
1538 4438 1885 4537 spirantes
1930 4435 2179 4534 pestus
2225 4458 2534 4515 amorem

821 4570 1202 4659 Dormite,
1258 4565 1335 4640 ὗε
1383 4583 1733 4642 memores
1782 4584 1954 4641 mox
1998 4563 2265 4662 surgite
2314 4567 2500 4641 lucis
2551 4533 2770 4644 ane.

670 4679 681 4688 ’
829 4695 991 4770 Nos
1040 4714 1326 4793 quoque
1378 4713 1581 4768 mane
1629 4691 1981 4786 redimus}
2030 4693 2157 4770 ubi
2204 4691 2483 4767 cervice
2529 4709 2820 4772 comata:

826 4821 1047 4896 Lucis
1094 4823 1243 4896 avis
1294 4821 1555 4916 primae
1607 4818 1955 4918 surgendi
1987 4821 2181 4914 figna
2227 4819 2534 4896 sonarit.

829 4947 1131 5043 Hymen
1174 4970 1221 5024 o
1270 4948 1683 5044 Hymenaee
1730 4945 1985 5024 favens
2033 4944 2177 5020 hoc
2218 4945 2532 5026 foedere·
2560 4947 2832 5052 gaude..
2919 4972 2934 4996 ⁸

3215 584 3378 668 453

1944 5071 2103 5153 Lll
2151 5093 2211 5174 a,
2951 5077 3032 5172 ,τ
3047 5077 3212 5164 ΗΕ
3239 5083 3342 5182 ο,
