<?xml version="1.0" encoding="UTF-8"?>
<!DOCTYPE html PUBLIC "-//W3C//DTD XHTML 1.0 Transitional//EN"
    "http://www.w3.org/TR/xhtml1/DTD/xhtml1-transitional.dtd">
<html xmlns="http://www.w3.org/1999/xhtml" xml:lang="en" lang="en">
 <head>
  <title>
</title>
<meta http-equiv="Content-Type" content="text/html;charset=utf-8" />
  <meta name='ocr-system' content='tesseract 3.04.00' />
  <meta name='ocr-capabilities' content='ocr_page ocr_carea ocr_par ocr_line ocrx_word'/>
</head>
<body>
  <div class='ocr_page' id='page_1' title='image "anthologiagraec04saumgoog_0402.png"; bbox 0 0 4775 6000; ppageno 0'>
   <div class='ocr_carea' id='block_1_1' title="bbox 1139 535 2958 648">
    <p class='ocr_par' dir='ltr' id='par_1_1' title="bbox 1139 535 2958 648">
     <span class='ocr_line' id='line_1_1' title="bbox 1139 535 2958 648; baseline -0.007 0"><span class='ocrx_word' id='word_1_1' title='bbox 1139 535 2958 648; x_wconf 64' lang='lat' dir='ltr'>MAN&#39;rrssA”sEcuNDA;</span> 
     </span>
    </p>
   </div>
   <div class='ocr_carea' id='block_1_2' title="bbox 871 759 2981 1012">
    <p class='ocr_par' dir='ltr' id='par_1_2' title="bbox 871 759 2981 1012">
     <span class='ocr_line' id='line_1_2' title="bbox 871 759 2981 883; baseline -0.006 -6"><span class='ocrx_word' id='word_1_2' title='bbox 871 799 1174 877; x_wconf 84' lang='lat' dir='ltr'>Solvere</span> <span class='ocrx_word' id='word_1_3' title='bbox 1221 793 1546 870; x_wconf 78' lang='lat' dir='ltr'>membra·</span> <span class='ocrx_word' id='word_1_4' title='bbox 1581 759 1810 882; x_wconf 76' lang='lat' dir='ltr'>solet,</span> <span class='ocrx_word' id='word_1_5' title='bbox 1853 787 2076 866; x_wconf 85' lang='lat' dir='ltr'>nimio</span> <span class='ocrx_word' id='word_1_6' title='bbox 2123 809 2284 864; x_wconf 89' lang='lat' dir='ltr'>cum</span> <span class='ocrx_word' id='word_1_7' title='bbox 2334 787 2635 864; x_wconf 80' lang='lat' dir='ltr'>sumitur</span> <span class='ocrx_word' id='word_1_8' title='bbox 2682 785 2981 883; x_wconf 55' lang='lat' dir='ltr'>heusta,</span> 
     </span>
     <span class='ocr_line' id='line_1_3' title="bbox 973 913 2679 1012; baseline -0.002 -14"><span class='ocrx_word' id='word_1_9' title='bbox 973 923 1249 1000; x_wconf 84' lang='lat' dir='ltr'>Evius:</span> <span class='ocrx_word' id='word_1_10' title='bbox 1299 919 1468 996; x_wconf 87' lang='lat' dir='ltr'>hinc</span> <span class='ocrx_word' id='word_1_11' title='bbox 1519 939 1780 994; x_wconf 90' lang='lat' dir='ltr'>nomen</span> <span class='ocrx_word' id='word_1_12' title='bbox 1825 913 2048 992; x_wconf 87' lang='lat' dir='ltr'>credo</span> <span class='ocrx_word' id='word_1_13' title='bbox 2101 913 2390 1012; x_wconf 75' lang='lat' dir='ltr'>Lyaeus</span> <span class='ocrx_word' id='word_1_14' title='bbox 2439 916 2679 994; x_wconf 76' lang='lat' dir='ltr'>habet.</span> 
     </span>
    </p>
   </div>
   <div class='ocr_carea' id='block_1_3' title="bbox 1478 1171 2579 1254">
    <p class='ocr_par' dir='ltr' id='par_1_3' title="bbox 1478 1171 2579 1254">
     <span class='ocr_line' id='line_1_4' title="bbox 1478 1171 2579 1254; baseline 0.003 -3"><span class='ocrx_word' id='word_1_15' title='bbox 1478 1174 1546 1251; x_wconf 94' lang='lat' dir='ltr'>L</span> <span class='ocrx_word' id='word_1_16' title='bbox 1567 1173 1637 1248; x_wconf 88' lang='lat' dir='ltr'>X</span> <span class='ocrx_word' id='word_1_17' title='bbox 1659 1173 1732 1248; x_wconf 89' lang='lat' dir='ltr'>X</span> <span class='ocrx_word' id='word_1_18' title='bbox 1749 1171 1872 1248; x_wconf 91' lang='lat' dir='ltr'>XI</span> <span class='ocrx_word' id='word_1_19' title='bbox 1895 1174 1993 1251; x_wconf 87' lang='lat' dir='ltr'>V.</span> <span class='ocrx_word' id='word_1_20' title='bbox 2041 1173 2154 1250; x_wconf 79' lang='lat' dir='ltr'>De</span> <span class='ocrx_word' id='word_1_21' title='bbox 2206 1175 2579 1254; x_wconf 81' lang='lat' dir='ltr'><em>Carneade.</em></span> 
     </span>
    </p>
   </div>
   <div class='ocr_carea' id='block_1_4' title="bbox 857 1426 3114 2165">
    <p class='ocr_par' dir='ltr' id='par_1_4' title="bbox 858 1426 2765 1526">
     <span class='ocr_line' id='line_1_5' title="bbox 858 1426 2765 1526; baseline -0.007 -5"><span class='ocrx_word' id='word_1_22' title='bbox 858 1445 1131 1522; x_wconf 84' lang='lat' dir='ltr'>Probra</span> <span class='ocrx_word' id='word_1_23' title='bbox 1179 1439 1416 1513; x_wconf 88' lang='lat' dir='ltr'>dicere</span> <span class='ocrx_word' id='word_1_24' title='bbox 1475 1429 1830 1508; x_wconf 81' lang='lat' dir='ltr'><strong>Carneadi</strong></span> <span class='ocrx_word' id='word_1_25' title='bbox 1879 1426 2056 1526; x_wconf 88' lang='lat' dir='ltr'>quid</span> <span class='ocrx_word' id='word_1_26' title='bbox 2106 1449 2327 1522; x_wconf 85' lang='lat' dir='ltr'>opus,</span> <span class='ocrx_word' id='word_1_27' title='bbox 2388 1426 2698 1508; x_wconf 80' lang='lat' dir='ltr'>Camena</span> <span class='ocrx_word' id='word_1_28' title='bbox 2724 1431 2765 1507; x_wconf 62' lang='grc' dir='ltr'><em>ἲ</em></span> 
     </span>
    </p>

    <p class='ocr_par' dir='ltr' id='par_1_5' title="bbox 863 1545 2795 1672">
     <span class='ocr_line' id='line_1_6' title="bbox 863 1545 2795 1672; baseline -0.008 -26"><span class='ocrx_word' id='word_1_29' title='bbox 863 1545 1052 1672; x_wconf 77' lang='lat' dir='ltr'>&#39;Quis</span> <span class='ocrx_word' id='word_1_30' title='bbox 1101 1568 1290 1641; x_wconf 87' lang='lat' dir='ltr'>enim</span> <span class='ocrx_word' id='word_1_31' title='bbox 1336 1582 1521 1658; x_wconf 84' lang='lat' dir='ltr'>rogo</span> <span class='ocrx_word' id='word_1_32' title='bbox 1569 1556 1794 1635; x_wconf 88' lang='lat' dir='ltr'>nescit</span> <span class='ocrx_word' id='word_1_33' title='bbox 1843 1571 1926 1627; x_wconf 87' lang='lat' dir='ltr'>ut</span> <span class='ocrx_word' id='word_1_34' title='bbox 1975 1555 2098 1627; x_wconf 88' lang='lat' dir='ltr'>ille</span> <span class='ocrx_word' id='word_1_35' title='bbox 2148 1574 2398 1628; x_wconf 86' lang='lat' dir='ltr'>necem</span> <span class='ocrx_word' id='word_1_36' title='bbox 2447 1557 2795 1632; x_wconf 69' lang='lat' dir='ltr'>timebat?</span> 
     </span>
    </p>

    <p class='ocr_par' dir='ltr' id='par_1_6' title="bbox 863 1679 2653 1780">
     <span class='ocr_line' id='line_1_7' title="bbox 863 1679 2653 1780; baseline -0.008 -7"><span class='ocrx_word' id='word_1_37' title='bbox 863 1701 1022 1776; x_wconf 85' lang='lat' dir='ltr'>Lue</span> <span class='ocrx_word' id='word_1_38' title='bbox 1071 1691 1252 1769; x_wconf 77' lang='lat' dir='ltr'>tabis</span> <span class='ocrx_word' id='word_1_39' title='bbox 1297 1689 1483 1769; x_wconf 88' lang='lat' dir='ltr'>enim</span> <span class='ocrx_word' id='word_1_40' title='bbox 1535 1681 1927 1780; x_wconf 69' lang='lat' dir='ltr'><strong>phthisicus</strong></span> <span class='ocrx_word' id='word_1_41' title='bbox 1974 1680 2224 1756; x_wconf 84' lang='lat' dir='ltr'><strong>misere</strong></span> <span class='ocrx_word' id='word_1_42' title='bbox 2271 1679 2603 1758; x_wconf 84' lang='lat' dir='ltr'>laborans</span> <span class='ocrx_word' id='word_1_43' title='bbox 2625 1735 2653 1774; x_wconf 90' lang='lat'>‚</span> 
     </span>
    </p>

    <p class='ocr_par' dir='ltr' id='par_1_7' title="bbox 865 1806 2585 1904">
     <span class='ocr_line' id='line_1_8' title="bbox 865 1806 2585 1904; baseline -0.01 -3"><span class='ocrx_word' id='word_1_44' title='bbox 865 1827 984 1902; x_wconf 89' lang='lat' dir='ltr'>Sic</span> <span class='ocrx_word' id='word_1_45' title='bbox 1033 1823 1224 1897; x_wconf 85' lang='lat' dir='ltr'>ferre</span> <span class='ocrx_word' id='word_1_46' title='bbox 1267 1833 1480 1890; x_wconf 81' lang='lat' dir='ltr'>manu</span> <span class='ocrx_word' id='word_1_47' title='bbox 1530 1809 1880 1884; x_wconf 86' lang='lat' dir='ltr'>renuebat</span> <span class='ocrx_word' id='word_1_48' title='bbox 1928 1806 2358 1904; x_wconf 72' lang='lat' dir='ltr'>opem.=Sed</span> <span class='ocrx_word' id='word_1_49' title='bbox 2411 1807 2585 1883; x_wconf 90' lang='lat' dir='ltr'>olim</span> 
     </span>
    </p>

    <p class='ocr_par' dir='ltr' id='par_1_8' title="bbox 857 1933 3114 2165">
     <span class='ocr_line' id='line_1_9' title="bbox 857 1933 2875 2044; baseline -0.011 -19"><span class='ocrx_word' id='word_1_50' title='bbox 857 1948 1150 2044; x_wconf 80' lang='lat' dir='ltr'>Cyatho</span> <span class='ocrx_word' id='word_1_51' title='bbox 1200 1943 1659 2036; x_wconf 82' lang='lat' dir='ltr'>Antipatrum</span> <span class='ocrx_word' id='word_1_52' title='bbox 1711 1933 1986 2030; x_wconf 82' lang='lat' dir='ltr'>periiffe</span> <span class='ocrx_word' id='word_1_53' title='bbox 2038 1940 2310 2007; x_wconf 79' lang='lat' dir='ltr'>memor</span> <span class='ocrx_word' id='word_1_54' title='bbox 2357 1935 2668 2028; x_wconf 87' lang='lat' dir='ltr'>veneni,</span> <span class='ocrx_word' id='word_1_55' title='bbox 2864 1995 2875 2002; x_wconf 87' lang='lat'>.</span> 
     </span>
     <span class='ocr_line' id='line_1_10' title="bbox 857 2055 3114 2165; baseline -0.004 -13"><span class='ocrx_word' id='word_1_56' title='bbox 857 2079 1099 2165; x_wconf 84' lang='lat' dir='ltr'>Date,</span> <span class='ocrx_word' id='word_1_57' title='bbox 1155 2073 1308 2160; x_wconf 76' lang='lat' dir='ltr'>ait,</span> <span class='ocrx_word' id='word_1_58' title='bbox 1357 2071 1516 2141; x_wconf 83' lang='lat' dir='ltr'>date</span> <span class='ocrx_word' id='word_1_59' title='bbox 1564 2060 1661 2134; x_wconf 88' lang='lat' dir='ltr'>mi</span> <span class='ocrx_word' id='word_1_60' title='bbox 1709 2057 1906 2156; x_wconf 90' lang='lat' dir='ltr'>quod</span> <span class='ocrx_word' id='word_1_61' title='bbox 1963 2056 2038 2130; x_wconf 71' lang='grc' dir='ltr'>δε</span> <span class='ocrx_word' id='word_1_62' title='bbox 2088 2055 2240 2151; x_wconf 90' lang='lat' dir='ltr'>ipse</span> <span class='ocrx_word' id='word_1_63' title='bbox 2283 2059 2547 2134; x_wconf 82' lang='lat' dir='ltr'><strong>bibam.</strong></span> <span class='ocrx_word' id='word_1_64' title='bbox 2598 2060 2768 2158; x_wconf 87' lang='lat' dir='ltr'>quid</span> <span class='ocrx_word' id='word_1_65' title='bbox 2814 2069 3114 2142; x_wconf 66' lang='lat' dir='ltr'>autem?</span> 
     </span>
    </p>
   </div>
   <div class='ocr_carea' id='block_1_5' title="bbox 857 2183 3175 2410">
    <p class='ocr_par' dir='ltr' id='par_1_9' title="bbox 857 2183 3175 2410">
     <span class='ocr_line' id='line_1_11' title="bbox 859 2183 3175 2286; baseline -0.006 -5"><span class='ocrx_word' id='word_1_66' title='bbox 859 2205 1102 2282; x_wconf 86' lang='lat' dir='ltr'>Grave</span> <span class='ocrx_word' id='word_1_67' title='bbox 1151 2197 1358 2272; x_wconf 89' lang='lat' dir='ltr'>melle</span> <span class='ocrx_word' id='word_1_68' title='bbox 1405 2209 1701 2264; x_wconf 79' lang='lat' dir='ltr'>metum.</span> <span class='ocrx_word' id='word_1_69' title='bbox 1756 2184 1893 2260; x_wconf 80' lang='lat' dir='ltr'>fuit</span> <span class='ocrx_word' id='word_1_70' title='bbox 1937 2183 2080 2256; x_wconf 85' lang='lat' dir='ltr'>hoc</span> <span class='ocrx_word' id='word_1_71' title='bbox 2130 2203 2421 2280; x_wconf 84' lang='lat' dir='ltr'>quoque</span> <span class='ocrx_word' id='word_1_72' title='bbox 2466 2184 2544 2260; x_wconf 87' lang='lat' dir='ltr'>in</span> <span class='ocrx_word' id='word_1_73' title='bbox 2596 2206 2723 2267; x_wconf 77' lang='lat' dir='ltr'>ore</span> <span class='ocrx_word' id='word_1_74' title='bbox 2767 2207 3175 2286; x_wconf 72' lang='lat' dir='ltr'>promtumz</span> 
     </span>
     <span class='ocr_line' id='line_1_12' title="bbox 857 2305 2542 2410; baseline -0.012 -6"><span class='ocrx_word' id='word_1_75' title='bbox 857 2317 1030 2405; x_wconf 59' lang='lat' dir='ltr'>Med</span> <span class='ocrx_word' id='word_1_76' title='bbox 1075 2346 1185 2399; x_wconf 89' lang='lat' dir='ltr'>me</span> <span class='ocrx_word' id='word_1_77' title='bbox 1235 2321 1495 2396; x_wconf 87' lang='lat' dir='ltr'>retinet</span> <span class='ocrx_word' id='word_1_78' title='bbox 1542 2305 1834 2400; x_wconf 79' lang='lat' dir='ltr'>natura,</span> <span class='ocrx_word' id='word_1_79' title='bbox 1887 2309 2132 2410; x_wconf 52' lang='lat' dir='ltr'>effidem</span> <span class='ocrx_word' id='word_1_80' title='bbox 2179 2309 2542 2404; x_wconf 87' lang='lat' dir='ltr'>resolvet,</span> 
     </span>
    </p>
   </div>
   <div class='ocr_carea' id='block_1_6' title="bbox 855 2435 2618 2672">
    <p class='ocr_par' dir='ltr' id='par_1_10' title="bbox 855 2435 2618 2672">
     <span class='ocr_line' id='line_1_13' title="bbox 855 2435 2618 2538; baseline -0.009 -6"><span class='ocrx_word' id='word_1_81' title='bbox 855 2451 1340 2531; x_wconf 84' lang='lat' dir='ltr'>Nihilominus</span> <span class='ocrx_word' id='word_1_82' title='bbox 1385 2445 1507 2519; x_wconf 89' lang='lat' dir='ltr'>ille</span> <span class='ocrx_word' id='word_1_83' title='bbox 1553 2439 1971 2538; x_wconf 83' lang='lat' dir='ltr'>Acheronta</span> <span class='ocrx_word' id='word_1_84' title='bbox 2015 2437 2235 2528; x_wconf 68' lang='lat' dir='ltr'>abiit,</span> <span class='ocrx_word' id='word_1_85' title='bbox 2281 2435 2403 2511; x_wconf 82' lang='lat' dir='ltr'>sed</span> <span class='ocrx_word' id='word_1_86' title='bbox 2454 2452 2618 2516; x_wconf 82' lang='lat' dir='ltr'>ante</span> 
     </span>
     <span class='ocr_line' id='line_1_14' title="bbox 857 2559 2536 2672; baseline -0.009 -13"><span class='ocrx_word' id='word_1_87' title='bbox 857 2581 1152 2658; x_wconf 76' lang='lat' dir='ltr'>Poterat</span> <span class='ocrx_word' id='word_1_88' title='bbox 1177 2633 1202 2672; x_wconf 89' lang='lat'>,</span> <span class='ocrx_word' id='word_1_89' title='bbox 1250 2571 1429 2648; x_wconf 82' lang='lat' dir='ltr'>mala</span> <span class='ocrx_word' id='word_1_90' title='bbox 1473 2567 1695 2642; x_wconf 79' lang='lat' dir='ltr'>multa</span> <span class='ocrx_word' id='word_1_91' title='bbox 1741 2561 2200 2638; x_wconf 84' lang='lat' dir='ltr'>lucrifaciens</span> <span class='ocrx_word' id='word_1_92' title='bbox 2221 2614 2248 2656; x_wconf 89' lang='lat'><strong>,</strong></span> <span class='ocrx_word' id='word_1_93' title='bbox 2299 2559 2536 2644; x_wconf 75' lang='lat' dir='ltr'>abiffe.</span> 
     </span>
    </p>
   </div>
   <div class='ocr_carea' id='block_1_7' title="bbox 1319 2805 2579 2922">
    <p class='ocr_par' dir='ltr' id='par_1_11' title="bbox 1319 2805 2579 2922">
     <span class='ocr_line' id='line_1_15' title="bbox 1319 2805 2579 2922; baseline -0.002 -17"><span class='ocrx_word' id='word_1_94' title='bbox 1319 2805 1334 2816; x_wconf 82' lang='grc'>’</span> <span class='ocrx_word' id='word_1_95' title='bbox 1495 2825 1654 2904; x_wconf 83' lang='lat' dir='ltr'>Lx</span> <span class='ocrx_word' id='word_1_96' title='bbox 1676 2823 1838 2900; x_wconf 81' lang='lat' dir='ltr'>xx</span> <span class='ocrx_word' id='word_1_97' title='bbox 1861 2821 1960 2904; x_wconf 81' lang='lat' dir='ltr'>v,</span> <span class='ocrx_word' id='word_1_98' title='bbox 2031 2821 2144 2900; x_wconf 71' lang='lat' dir='ltr'>De</span> <span class='ocrx_word' id='word_1_99' title='bbox 2193 2817 2579 2922; x_wconf 52' lang='lat' dir='ltr'>Aristotele.</span> 
     </span>
    </p>
   </div>
   <div class='ocr_carea' id='block_1_8' title="bbox 851 3082 2693 3566">
    <p class='ocr_par' dir='ltr' id='par_1_12' title="bbox 851 3082 2693 3318">
     <span class='ocr_line' id='line_1_16' title="bbox 851 3082 2693 3179; baseline -0.008 0"><span class='ocrx_word' id='word_1_100' title='bbox 851 3096 1279 3179; x_wconf 63' lang='lat' dir='ltr'>flaminicae</span> <span class='ocrx_word' id='word_1_101' title='bbox 1329 3084 1614 3167; x_wconf 86' lang='lat' dir='ltr'>Cereris</span> <span class='ocrx_word' id='word_1_102' title='bbox 1665 3088 1976 3165; x_wconf 82' lang='lat' dir='ltr'>famulus</span> <span class='ocrx_word' id='word_1_103' title='bbox 2023 3082 2116 3160; x_wconf 84' lang='lat' dir='ltr'>de</span> <span class='ocrx_word' id='word_1_104' title='bbox 2161 3083 2457 3161; x_wconf 85' lang='lat' dir='ltr'>numine</span> <span class='ocrx_word' id='word_1_105' title='bbox 2502 3082 2693 3165; x_wconf 83' lang='lat' dir='ltr'>laeso</span> 
     </span>
     <span class='ocr_line' id='line_1_17' title="bbox 957 3208 2388 3318; baseline -0.009 -15"><span class='ocrx_word' id='word_1_106' title='bbox 957 3222 1424 3318; x_wconf 79' lang='lat' dir='ltr'>Eurymedon</span> <span class='ocrx_word' id='word_1_107' title='bbox 1472 3221 1670 3295; x_wconf 86' lang='lat' dir='ltr'>litem</span> <span class='ocrx_word' id='word_1_108' title='bbox 1709 3214 1950 3291; x_wconf 86' lang='lat' dir='ltr'>movit</span> <span class='ocrx_word' id='word_1_109' title='bbox 1996 3208 2388 3290; x_wconf 82' lang='lat' dir='ltr'>Aristoteli.</span> 
     </span>
    </p>

    <p class='ocr_par' dir='ltr' id='par_1_13' title="bbox 855 3338 2655 3566">
     <span class='ocr_line' id='line_1_18' title="bbox 855 3338 2483 3434; baseline -0.01 -4"><span class='ocrx_word' id='word_1_110' title='bbox 855 3353 987 3430; x_wconf 87' lang='lat' dir='ltr'>Ille</span> <span class='ocrx_word' id='word_1_111' title='bbox 1037 3350 1215 3427; x_wconf 87' lang='lat' dir='ltr'>nihil</span> <span class='ocrx_word' id='word_1_112' title='bbox 1261 3364 1514 3422; x_wconf 84' lang='lat' dir='ltr'>contra</span> <span class='ocrx_word' id='word_1_113' title='bbox 1557 3343 1735 3433; x_wconf 87' lang='lat' dir='ltr'>niti,</span> <span class='ocrx_word' id='word_1_114' title='bbox 1787 3340 1911 3415; x_wconf 89' lang='lat' dir='ltr'>sed</span> <span class='ocrx_word' id='word_1_115' title='bbox 1953 3339 2168 3434; x_wconf 87' lang='lat' dir='ltr'>pocla</span> <span class='ocrx_word' id='word_1_116' title='bbox 2212 3338 2483 3414; x_wconf 81' lang='lat' dir='ltr'>aconiti</span> 
     </span>
     <span class='ocr_line' id='line_1_19' title="bbox 955 3462 2655 3566; baseline -0.006 -14"><span class='ocrx_word' id='word_1_117' title='bbox 955 3476 1304 3566; x_wconf 86' lang='lat' dir='ltr'>Sumere;</span> <span class='ocrx_word' id='word_1_118' title='bbox 1349 3472 1444 3547; x_wconf 85' lang='lat' dir='ltr'>fic</span> <span class='ocrx_word' id='word_1_119' title='bbox 1495 3468 1748 3546; x_wconf 71' lang='lat' dir='ltr'>falsum</span> <span class='ocrx_word' id='word_1_120' title='bbox 1802 3465 2094 3543; x_wconf 87' lang='lat' dir='ltr'>vincere</span> <span class='ocrx_word' id='word_1_121' title='bbox 2161 3462 2431 3541; x_wconf 85' lang='lat' dir='ltr'>crimen</span> <span class='ocrx_word' id='word_1_122' title='bbox 2478 3479 2655 3543; x_wconf 71' lang='lat' dir='ltr'>erat.</span> 
     </span>
    </p>
   </div>
   <div class='ocr_carea' id='block_1_9' title="bbox 1483 3716 2542 3807">
    <p class='ocr_par' dir='ltr' id='par_1_14' title="bbox 1483 3716 2542 3807">
     <span class='ocr_line' id='line_1_20' title="bbox 1483 3716 2542 3807; baseline -0.008 0"><span class='ocrx_word' id='word_1_123' title='bbox 1483 3730 1551 3807; x_wconf 94' lang='lat' dir='ltr'>L</span> <span class='ocrx_word' id='word_1_124' title='bbox 1571 3728 1640 3805; x_wconf 90' lang='lat' dir='ltr'>X</span> <span class='ocrx_word' id='word_1_125' title='bbox 1661 3728 1736 3804; x_wconf 91' lang='lat' dir='ltr'><strong>X</strong></span> <span class='ocrx_word' id='word_1_126' title='bbox 1755 3726 1828 3803; x_wconf 88' lang='lat' dir='ltr'>X</span> <span class='ocrx_word' id='word_1_127' title='bbox 1846 3722 1922 3804; x_wconf 91' lang='lat' dir='ltr'>V</span> <span class='ocrx_word' id='word_1_128' title='bbox 1937 3724 1994 3803; x_wconf 92' lang='lat'>1.</span> <span class='ocrx_word' id='word_1_129' title='bbox 2048 3716 2159 3801; x_wconf 80' lang='lat' dir='ltr'>De</span> <span class='ocrx_word' id='word_1_130' title='bbox 2207 3719 2542 3799; x_wconf 74' lang='lat' dir='ltr'>Stratone.</span> 
     </span>
    </p>
   </div>
   <div class='ocr_carea' id='block_1_10' title="bbox 851 3958 2803 4323">
    <p class='ocr_par' dir='ltr' id='par_1_15' title="bbox 851 3958 2803 4323">
     <span class='ocr_line' id='line_1_21' title="bbox 851 3958 2803 4060; baseline -0.011 -6"><span class='ocrx_word' id='word_1_131' title='bbox 851 3977 992 4053; x_wconf 87' lang='lat' dir='ltr'>Vir</span> <span class='ocrx_word' id='word_1_132' title='bbox 1039 3990 1274 4044; x_wconf 79' lang='lat' dir='ltr'>macer</span> <span class='ocrx_word' id='word_1_133' title='bbox 1317 3968 1436 4042; x_wconf 87' lang='lat' dir='ltr'>hic</span> <span class='ocrx_word' id='word_1_134' title='bbox 1458 4018 1485 4056; x_wconf 93' lang='lat'><strong>,</strong></span> <span class='ocrx_word' id='word_1_135' title='bbox 1533 3964 1662 4041; x_wconf 85' lang='lat' dir='ltr'>nifi</span> <span class='ocrx_word' id='word_1_136' title='bbox 1703 3963 1771 4047; x_wconf 85' lang='lat' dir='ltr'>se</span> <span class='ocrx_word' id='word_1_137' title='bbox 1819 3960 2098 4060; x_wconf 81' lang='lat' dir='ltr'>semper</span> <span class='ocrx_word' id='word_1_138' title='bbox 2143 3958 2419 4035; x_wconf 82' lang='lat' dir='ltr'>feciffet</span> <span class='ocrx_word' id='word_1_139' title='bbox 2449 3958 2743 4058; x_wconf 86' lang='lat' dir='ltr'>inungi,</span> <span class='ocrx_word' id='word_1_140' title='bbox 2795 3962 2803 3972; x_wconf 91' lang='grc'><strong>’</strong></span> 
     </span>
     <span class='ocr_line' id='line_1_22' title="bbox 963 4088 2068 4177; baseline -0.01 -1"><span class='ocrx_word' id='word_1_141' title='bbox 963 4101 1106 4177; x_wconf 86' lang='lat' dir='ltr'>Hic</span> <span class='ocrx_word' id='word_1_142' title='bbox 1152 4097 1274 4172; x_wconf 86' lang='lat' dir='ltr'>ille</span> <span class='ocrx_word' id='word_1_143' title='bbox 1319 4094 1438 4168; x_wconf 89' lang='lat' dir='ltr'>cui</span> <span class='ocrx_word' id='word_1_144' title='bbox 1488 4108 1750 4168; x_wconf 82' lang='lat' dir='ltr'>nomen</span> <span class='ocrx_word' id='word_1_145' title='bbox 1800 4088 2068 4165; x_wconf 84' lang='lat' dir='ltr'>strato.</span> 
     </span>
     <span class='ocr_line' id='line_1_23' title="bbox 857 4200 2677 4323; baseline -0.009 -16"><span class='ocrx_word' id='word_1_146' title='bbox 857 4227 1281 4323; x_wconf 81' lang='lat' dir='ltr'>Lampsacus</span> <span class='ocrx_word' id='word_1_147' title='bbox 1328 4218 1687 4297; x_wconf 81' lang='lat' dir='ltr'>ediderat:</span> <span class='ocrx_word' id='word_1_148' title='bbox 1735 4213 1999 4289; x_wconf 76' lang='lat' dir='ltr'>morbis</span> <span class='ocrx_word' id='word_1_149' title='bbox 2053 4212 2360 4291; x_wconf 81' lang='lat' dir='ltr'>affuetus</span> <span class='ocrx_word' id='word_1_150' title='bbox 2408 4200 2677 4291; x_wconf 77' lang='lat' dir='ltr'>acerbis</span> 
     </span>
    </p>
   </div>
   <div class='ocr_carea' id='block_1_11' title="bbox 951 4341 2012 4451">
    <p class='ocr_par' dir='ltr' id='par_1_16' title="bbox 951 4341 2012 4451">
     <span class='ocr_line' id='line_1_24' title="bbox 951 4341 2012 4451; baseline -0.016 -17"><span class='ocrx_word' id='word_1_151' title='bbox 951 4354 1300 4451; x_wconf 83' lang='lat' dir='ltr'>Certare,</span> <span class='ocrx_word' id='word_1_152' title='bbox 1348 4366 1498 4425; x_wconf 88' lang='lat' dir='ltr'>non</span> <span class='ocrx_word' id='word_1_153' title='bbox 1547 4344 1757 4422; x_wconf 85' lang='lat' dir='ltr'>senfit</span> <span class='ocrx_word' id='word_1_154' title='bbox 1803 4341 2012 4417; x_wconf 87' lang='lat' dir='ltr'>mori.</span> 
     </span>
    </p>
   </div>
   <div class='ocr_carea' id='block_1_12' title="bbox 1429 4596 2591 4727">
    <p class='ocr_par' dir='ltr' id='par_1_17' title="bbox 1429 4596 2591 4727">
     <span class='ocr_line' id='line_1_25' title="bbox 1429 4596 2591 4727; baseline -0.006 -42"><span class='ocrx_word' id='word_1_155' title='bbox 1429 4604 1774 4727; x_wconf 85' lang='lat' dir='ltr'>LXXX</span> <span class='ocrx_word' id='word_1_156' title='bbox 1799 4599 2010 4679; x_wconf 87' lang='lat' dir='ltr'>V11.</span> <span class='ocrx_word' id='word_1_157' title='bbox 2068 4596 2182 4677; x_wconf 77' lang='lat' dir='ltr'>De</span> <span class='ocrx_word' id='word_1_158' title='bbox 2223 4596 2591 4678; x_wconf 76' lang='lat' dir='ltr'>Demetrio.</span> 
     </span>
    </p>
   </div>
   <div class='ocr_carea' id='block_1_13' title="bbox 810 4833 2487 4946">
    <p class='ocr_par' dir='ltr' id='par_1_18' title="bbox 810 4833 2487 4946">
     <span class='ocr_line' id='line_1_26' title="bbox 810 4833 2487 4946; baseline -0.004 -19"><span class='ocrx_word' id='word_1_159' title='bbox 810 4934 814 4946; x_wconf 29' lang='lat'><strong><em>¹</em></strong></span> <span class='ocrx_word' id='word_1_160' title='bbox 866 4844 1153 4927; x_wconf 87' lang='lat' dir='ltr'>Occidit</span> <span class='ocrx_word' id='word_1_161' title='bbox 1208 4841 1424 4939; x_wconf 86' lang='lat' dir='ltr'>Aspis</span> <span class='ocrx_word' id='word_1_162' title='bbox 1467 4833 1613 4919; x_wconf 81' lang='lat' dir='ltr'>heu&#39;</span> <span class='ocrx_word' id='word_1_163' title='bbox 1665 4839 1989 4937; x_wconf 86' lang='lat' dir='ltr'>Sophum</span> <span class='ocrx_word' id='word_1_164' title='bbox 2038 4840 2487 4920; x_wconf 87' lang='lat' dir='ltr'>Demetrium</span> 
     </span>
    </p>
   </div>
   <div class='ocr_carea' id='block_1_14' title="bbox 919 4969 2276 5173">
    <p class='ocr_par' dir='ltr' id='par_1_19' title="bbox 919 4969 2276 5173">
     <span class='ocr_line' id='line_1_27' title="bbox 919 4969 2276 5070; baseline -0.008 -19"><span class='ocrx_word' id='word_1_165' title='bbox 919 4972 1172 5051; x_wconf 51' lang='lat' dir='ltr'>*Virus</span> <span class='ocrx_word' id='word_1_166' title='bbox 1247 4969 1516 5049; x_wconf 62' lang='lat' dir='ltr'>habens</span> <span class='ocrx_word' id='word_1_167' title='bbox 1575 4983 1980 5070; x_wconf 81' lang='lat' dir='ltr'>penetrans.</span> <span class='ocrx_word' id='word_1_168' title='bbox 2269 5062 2276 5069; x_wconf 14' lang='grc' dir='ltr'><strong>ἢ</strong></span> 
     </span>
     <span class='ocr_line' id='line_1_28' title="bbox 1895 5091 2200 5173; baseline 0.007 -3"><span class='ocrx_word' id='word_1_169' title='bbox 1895 5092 1960 5170; x_wconf 87' lang='grc' dir='ltr'>Β</span> <span class='ocrx_word' id='word_1_170' title='bbox 1978 5093 2028 5173; x_wconf 93' lang='lat' dir='ltr'>b</span> <span class='ocrx_word' id='word_1_171' title='bbox 2045 5091 2096 5169; x_wconf 93' lang='lat' dir='ltr'>b</span> <span class='ocrx_word' id='word_1_172' title='bbox 2150 5114 2200 5172; x_wconf 76' lang='lat'>2</span> 
     </span>
    </p>
   </div>
   <div class='ocr_carea' id='block_1_15' title="bbox 3168 555 3407 666">
    <p class='ocr_par' dir='ltr' id='par_1_20' title="bbox 3168 555 3407 666">
     <span class='ocr_line' id='line_1_29' title="bbox 3168 555 3407 666; baseline 0.004 -2"><span class='ocrx_word' id='word_1_173' title='bbox 3168 599 3175 602; x_wconf 95' lang='lat'>·</span> <span class='ocrx_word' id='word_1_174' title='bbox 3236 555 3407 666; x_wconf 64' lang='lat'>379&#39;</span> 
     </span>
    </p>
   </div>
   <div class='ocr_carea' id='block_1_16' title="bbox 3232 5088 3421 5175">
    <p class='ocr_par' dir='ltr' id='par_1_21' title="bbox 3232 5088 3421 5175">
     <span class='ocr_line' id='line_1_30' title="bbox 3232 5088 3421 5175; baseline 0.016 -5"><span class='ocrx_word' id='word_1_175' title='bbox 3232 5088 3421 5175; x_wconf 84' lang='lat' dir='ltr'>Non</span> 
     </span>
    </p>
   </div>
  </div>
 </body>
</html>
