4775 6000
1123 577 1130 586 .
1349 509 2748 616 mnuRQu1N‘rus,
3312 534 3428 619 3,-

1517 803 1808 883 XVII.
1867 803 1980 882 De
2028 761 2218 904 Jnh'o
2273 799 2581 903 Caesare.
2638 796 2642 800 ⁴

891 1064 1132 1162 Julius
1179 1067 1314 1141 hos
1365 1061 1680 1159 sequitur
1704 1046 2040 1157 Caesar,
2089 1083 2232 1164 quo
2282 1065 2597 1160 praeside
2650 1065 2886 1142 Roma

888 1193 1230 1270 Hostibus
1278 1209 1564 1289 ereptos
1615 1194 1977 1268 scutorum
2027 1185 2208 1266 viflit
2254 1210 2590 1266 acervos:

885 1319 1136 1391 Torva
1180 1337 1389 1398 tuens
1437 1320 1748 1394 humeris
1791 1317 2203 1416 ingentibus
2251 1316 2790 1414 insidet-aegisz
2932 1371 2937 1376 -
3080 1311 3083 1319 ’

890 1443 1229 1522 Fulminis
1275 1445 1716 1544 horrisonum
1764 1447 2130 1522 minitatur
2179 1446 2473 1520 dextera
2522 1447 2779 1522 telum:
3037 1429 3047 1436 ’

898 1571 1107 1647 Alter
1151 1572 1270 1646 hic
1322 1571 1422 1646 est
1471 1574 1735 1667 patriae
1787 1573 2076 1650 Latialis
2124 1573 2465 1671 Juppiter
2514 1575 2701 1652 urbi.

1631 1762 1706 1907 ἐξ
1731 1829 1801 1908 V
1822 1831 1912 1906 ΙΙ
1935 1832 1995 1910 Ι.
2061 1831 2173 1906 De
2218 1831 2526 1906 Platone.

903 2092 1059 2165 Stat
1103 2088 1310 2162 Plato
1362 2109 1489 2182 par
1540 2091 1880 2186 Superis,
1928 2093 2098 2187 qui,
2150 2091 2352 2188 quod
2402 2091 2533 2168 sub
2580 2085 2793 2166 nmste
2838 2087 3147 2180 latebat,

897 2215 1208 2293 Divinae
1257 2215 1545 2292 virtutis
1593 2218 1730 2292 iter
1777 2216 2131 2313 praeluxit
2185 2217 2515 2292 Athenis.

1603 2473 1847 2554 XIX.
1917 2473 2030 2550 De
2075 2473 2333 2552 Venere
2381 2477 2549 2552 alia.

904 2734 1158 2810 Altera
1201 2731 1582 2828 conspeGla
1629 2733 1734 2808 est
1781 2708 1990 2809 etiam
2039 2736 2297 2812 Venus
2341 2755 2555 2812 aurea
2600 2735 2864 2829 nobis,

903 2861 1146 2958 Digna
1197 2857 1407 2955 Jovis
1455 2857 1784 2949 soboles,
1831 2860 2150 2934 formoso
2197 2881 2505 2954 corpore
2556 2877 2719 2935 toto

900 2986 1170 3081 Nuda,
1219 2982 1341 3061 sed
1390 2999 1483 3060 ex
1533 2999 1775 3063 tenera
1822 2985 2054 3063 cestus
2103 2987 2386 3065 cervice
2436 2987 2725 3065 fluebat.

1580 3246 1653 3320 X
1676 3246 1769 3335 X.
1843 3244 1956 3320 De
2007 3244 2577 3343 Hermaphroditu-

745 3500 756 3521 ”
903 3500 1550 3596 Hermaphroditus
1600 3500 1842 3595 adest,
1893 3524 2038 3579 neo
2075 3504 2226 3595 vir,
2274 3524 2412 3578 nec
2464 3502 2735 3580 femina
2776 3514 2974 3578 totus
3002 3554 3033 3598 ,

706 3698 742 3709 ,
899 3626 1138 3702 Mixta
1187 3626 1309 3702 sed
1359 3626 1675 3725 effigies:
1737 3630 2128 3727 conspeetu
2181 3630 2505 3727 corporis
2553 3629 2781 3723 ipsum

905 3755 1283 3829 Mercurio
1331 3755 1522 3831 dices
1577 3756 1652 3829 ὅτ
1709 3760 2002 3853 pulchra
2061 3756 2383 3852 Cypride
2436 3771 2704 3834 natum.

895 3880 1258 3955 Monstrat
1308 3883 1633 3981 virgineo
1685 3896 2054 3980 turgentes
2103 3905 2308 3959 more
2352 3884 2701 3979 papillas,

901 4004 1390 4083 Monstrat.ab
1437 4008 1851 4107 inguinibus
1897 4022 2134 4104 partes
2181 4011 2338 4083 fine·
2377 4008 2572 4084 veste
2620 4020 2998 4102 paternas,

911 4132 1150 4207 Mixta
1196 4154 1448 4231 gerens
1497 4137 1785 4233 gemino
1831 4134 1920 4209 de
1965 4133 2134 4214 sexu
2179 4136 2372 4232 figna
2420 4134 2722 4213 decoris.

1685 4397 1924 4474 XXI.
1993 4390 2105 4466 De
2153 4393 2441 4472 Erinna.

916 4650 1056 4725 Hic
1109 4650 1380 4727 Erinna
1429 4652 1672 4749 sedet,
1723 4658 1932 4753 virgo
1985 4624 2268 4730 cantare
2317 4656 2591 4749 perita:

910 4776 1134 4872 Pensa
1180 4798 1392 4852 manu
1445 4803 1593 4856 non
1643 4778 1937 4855 tranat:
1987 4783 2140 4875 apis
2191 4778 2313 4853 sed
2364 4780 2607 4854 sedula
2654 4798 2850 4857 more

911 4900 1212 4979 Pieriutn
1265 4909 1484 4987 tacito
1533 4908 1841 4988 destillat
1887 4908 2186 5009 peelore
2231 4905 2499 4985 nestar.

1185 5036 1192 5041 ’
2029 5034 2090 5109 Β
2145 5058 2192 5134 3
2578 5032 2583 5039 ’
3140 5025 3439 5109 XXII.
