4775 6000
2355 503 2445 628 (ἶ
2523 537 2629 605 v1
2734 505 2793 625 )

1170 743 1590 853 ‚exceptls3
1625 741 1990 852 ηπῶς-ΕΟ
2011 761 2204 827 no’r
2225 731 2388 824 ms
2422 729 2721 823 Latine
2752 761 2907 822 non
2945 737 3342 844 reddidit,
3398 729 3635 849 atque
3670 743 3837 830 ideo
3886 767 3945 850 a

1203 857 1428 939 nobis
1478 853 1884 964 asteriscis>
1912 871 2188 938 notata
2224 851 2454 960 stmt.
2496 859 2510 867 ’
3518 951 3525 958 ,

1351 965 1576 1053 Illud
1633 971 1836 1053 idem
1916 991 1974 1050 a
2041 966 2264 1048 nobis
2299 959 2865 1074 praestandum
2922 957 3191 1072 futffiet
3240 967 3329 1048 in
3381 965 3627 1050 Pauli
3689 969 3947 1052 Silen-

1205 1080 1442 1162 tiarii
1533 1081 1913 1164 Carmine
1996 1081 2092 1162 de
2147 1076 2501 1160 Thermis
2553 1075 2913 1184 Pythicis
2942 1135 2967 1174 ‚
3084 1079 3297 1182 quod
3343 1079 3527 1184 jam
3583 1084 3685 1164 ab
3743 1081 3947 1164 Aldi

1089 1239 1116 1269 x
1203 1206 1546 1300 tempore
1600 1192 1804 1275 libro
1845 1191 2178 1302 septimo
2214 1189 2941 1298 ‚Epigrammatum
2974 1183 3278 1295 subjici
3312 1190 3540 1298 folet.
3675 1193 3797 1276 At
3854 1191 3949 1294 il-
4070 1245 4097 1290 ,-

1204 1299 1352 1384 lud
1405 1327 1724 1386 carmen
1793 1325 1988 1402 cum,
2022 1303 2108 1384 in
2169 1302 2505 1384 editione
2568 1297 2925 1411 Juntina
3014 1327 3105 1402 ις
3126 1327 3221 1406 19
3300 1301 3423 1384 ita
3462 1307 3943 1416 perturbato

1201 1413 1480 1497 ordine
1543 1413 1636 1500 ἐξ
1696 1413 2014 1524 confusa
2029 1412 2409 1520 etei-ficum
2470 1412 3001 1518 conjunctione
3057 1412 3453 1524 legeretur
3472 1480 3495 1520 ,
3580 1434 3671 1500 ut
3742 1413 3953 1500 nihil

1203 1525 1552 1634 intelligi
1611 1523 1872 1638 poffi’t'
1893 1588 1921 1632 ‚
1999 1545 2234 1634 atque
2295 1527 2560 1608 eadem
2638 1525 3023 1606 carminis
3078 1528 3593 1635 perturbatio
3652 1543 3951 1639 propa-

1195 1654 1398 1744 gata
1471 1634 1648 1750 effet
1724 1640 1824 1722 in·
1903 1639 2422 1722 Frobenianis
2464 1699 2489 1739 ‚
2590 1636 3151 1746 Stephanianis
3242 1637 3337 1722 δι’
3429 1639 3950 1724 Wchelianis

1204 1749 1680 1835 editionibus
1721 1815 1748 1858 ‚
1825 1777 2028 1860 quas
2072 1747 2549 1861 potifflmum
2607 1747 2932 1855 secutus
3008 1745 3111 1854 est
3188 1753 3665 1838 Gnomus
3700 1816 3727 1857 ‚
3804 1755 3951 1836 mi-

1201 1885 1387 1943 rum
1427 1861 1630 1970 fane
1683 1889 1838 1946 non
1892 1862 2038 1971 est,
2107 1863 2321 1972 quod
2349 1859 2735 1967 elegantis
2772 1859 3072 1964 judicii
3126 1863 3255 1946 vir
3308 1861 3520 1947 illud
3538 1925 3562 1968 ‚
3624 1866 3745 1947 ita
3793 1866 3951 1950 edi·

1205 1988 1374 2054 tum
1393 2037 1420 2077 ,
1469 1994 1562 2057 ut
1627 1975 1912 2059 bonum
1947 1974 2268 2083 sensum
2323 1997 2478 2057 non
2530 1972 2993 2056 admitteret
3026 2033 3053 2068 ‚
3126 1972 3377 2051 latine
3426 1977 3756 2052 reddere
3824 2001 3953 2053 ne-

1198 2082 1567 2189 glexerit.
1685 2085 2227 2170 Nihilominus
2307 2099 2575 2162 tamen
2630 2085 2724 2158 id
2750 2082 2899 2182 sito
2956 2073 3296 2186 pristino
3370 2076 3527 2165 loco
3589 2080 3955 2192 posuiffi’-

1171 2215 1422 2298 'mus,
1509 2195 1663 2304 nisi
1709 2192 2030 2300 antistes
2106 2190 2559 2300 doctiffimus
2618 2187 2699 2272 P.
2760 2187 2869 2272 D.
2950 2189 3489 2292 Hormus,
3550 2194 3690 2300 qui
3744 2197 3957 2300 hanc,

1201 2309 1596 2392 carminis
1629 2304 2136 2416 confusionem
2173 2304 2409 2402 vidit,
2454 2301 2607 2409 sed
2642 2297 2847 2382 male
2874 2321 3047 2381 eam
3084 2323 3139 2383 a
3194 2301 3687 2386 Frobeniana
3735 2333 3764 2388 1
3786 2333 3949 2414 549

1205 2422 1539 2530 repetit,
1601 2445 1776 2503 cum
1813 2419 2091 2530 potius
2141 2441 2196 2498 a
2257 2429 2693 2498 memorata
2744 2412 3083 2494 editione
3138 2410 3498 2522 Juntina
3556 2443 3587 2499 1
3608 2441 3651 2521 5
3672 2443 3769 2524 19
3826 2423 3952 2504 de.

1206 2533 1562 2617 ducenda
1617 2530 1722 2639 sit
1763 2592 1790 2634 ,
1867 2531 1954 2612 in
1999 2527 2181 2637 suis
2246 2527 2361 2610 ad
2410 2523 2971 2631 Anthologiam
3030 2526 3238 2609 notis
3305 2527 3653 2636 amplum
3712 2533 3808 2614 de
3869 2558 3952 2616 eo

1207 2643 1860 2728 commentarium
1899 2637 2247 2752 dedtffitt:
2289 2655 2477 2722 ante
2512 2640 2723 2747 quod
2764 2638 3413 2734 commentarium
3428 2703 3453 2744 ‚
3533 2639 3691 2724 loco
3743 2669 3955 2728 nunc

1170 2757 1628 2838 admodum
1700 2770 2124 2864 opportuno
2145 2817 2171 2858 ,
2229 2753 2354 2835 ita
2406 2776 2459 2833 a
2511 2751 2735 2833 nobis
2754 2747 3089 2858 pofitum
3130 2747 3275 2854 est,
3334 2769 3425 2834 ut
3472 2753 3810 2838 habetur
3865 2759 3957 2840 in

1212 2866 1480 2949 tribus
1555 2865 1885 2948 Aldinis
1971 2887 2210 2972 1503.
2301 2887 2541 2970 1521.
2598 2859 2692 2944 δύ’
2766 2885 3000 2966 ¹530·
3052 2875 3289 2968 atque
3328 2865 3665 2946 editione
3720 2867 3959 2950 Vene-

1214 2989 1302 3059 ta
1323 3040 1349 3079 ,
1439 2977 1696 3061 eodem
1777 3002 1984 3060 anno
2089 3004 2118 3059 1
2139 3000 2326 3081 550.
2387 2975 2608 3083 apud
2690 2969 3027 3055 Petrum
3125 2969 3220 3056 ἐξ
3288 2969 3527 3084 Joan.
3586 2973 3957 3063 Mariam

1216 3088 1628 3172 Nicolinos
1684 3085 2094 3195 Sabienses
2147 3089 2234 3171 in
2289 3086 2539 3169 lucem
2591 3080 2857 3195 emtffa
2876 3148 2904 3191 ,
2963 3110 3140 3170 cum
3214 3101 3519 3169 ceterae
3576 3090 3955 3177 editiones

1216 3200 1346 3283 hic
1383 3226 1538 3284 non
1577 3199 1734 3283 ullo
1777 3200 2054 3283 ordine
2075 3198 2260 3308 sint.
2926 3246 2933 3251 ·

1328 3310 1492 3395 His
1527 3314 1881 3395 omnibus
1935 3314 2057 3395 ita
2117 3308 2501 3496 digpositis
2560 3310 2947 3393 accedunt
2997 3301 3199 3384 duae
3245 3308 3707 3413 appendices
3740 3372 3764 3413 ‚
3838 3312 3957 3395 al-

1217 3418 1402 3505 tera‘
1463 3423 1810 3521 Aldina,
1868 3424 2128 3498 altera
2245 3415 2661 3523 tephanica
2680 3477 2705 3516 ‚
2764 3429 2935 3495 tum
2986 3414 3229 3495 etiam
3282 3438 3808 3529 quaecumque
3865 3426 3954 3507 in

1203 3533 1619 3644 praeclari
1619 3528 1818 3641 ffimo
1879 3524 2494 3635 Inscriptionum
2530 3586 2557 3624 ‚
2640 3548 2693 3605 a
2756 3524 3101 3607 Grutero
3160 3526 3558 3611 editarum
3582 3594 3607 3634 ‚
3686 3533 3959 3641 legun-

1217 3662 1361 3727 tur
1425 3661 1688 3754 opere‚
1747 3657 1838 3725 ut
1893 3638 1985 3723 &⁹
2037 3638 2209 3722 alia
2227 3636 2481 3747 plura
2522 3638 2600 3720 G
2624 3662 2815 3719 Ro'r
2836 3662 2865 3718 1
2888 3664 2915 3719 1
2948 3636 3425 3745 temporibus
3466 3646 3809 3727 nondum
3843 3664 3959 3752 ty-

1203 3759 1342 3869 pis
1417 3756 1740 3860 vulgata
1811 3754 2389 3863 epigrammata
2421 3811 2446 3851 ‚
2540 3750 2638 3831 de
2694 3748 2975 3857 quibus
3034 3747 3393 3832 Clericus
3444 3752 3539 3836 &⁹
3598 3755 3749 3839 alii
3798 3761 3959 3844 viri

1221 3869 1421 3953 dotti
1499 3868 1968 3949 mentionem
2033 3861 2412 3972 jecerunt
2456 3923 2481 3962 ‚
2573 3856 2667 3943 ἐξ
2754 3863 3227 3945 G-Rons
3304 3861 3426 3944 ita
3478 3860 3778 3972 scribit
3848 3872 3967 3954 ad

1231 3995 1330 4077 G.
1387 3989 1548 4103 Joh
1607 3982 1926 4095 Vofflum
1954 3999 2066 4093 ep.
2093 4004 2142 4089 5
2155 4011 2286 4093 27.
2341 3974 2648 4098 adjeci
2674 3980 3371 4107 epigrammata
3398 4005 3585 4080 non
3590 4002 3958 4112 pauca,

1205 4134 1606 4247 praeter
1635 4142 1749 4211 ea
1767 4186 1797 4230 ,
1854 4140 2094 4236 quae
2125 4110 2371 4238 suae
2402 4116 2788 4214 editioni
2808 4112 3399 4243 subnexerat
3432 4116 3729 4220 Henr.
3762 4126 3959 4225 Ste-

1205 4256 1773 4384 phanus‚Ex
1807 4274 2693 4351 1NscR11³T1oNlssth
2728 4280 2867 4350 ET
2898 4277 3266 4351 umus,
3308 4258 3439 4340 Ne
3458 4262 3714 4343 dicam
3736 4263 3832 4343 de
3848 4262 3955 4347 iis

1227 4386 1717 4471 carminibus
1739 4450 1760 4469 ,
1822 4406 2020 4488 quae
2056 4406 2096 4462 e
2129 4385 2479 4467 tenebris
2521 4401 2756 4468 eruta
2794 4384 2915 4470 vel
2926 4382 3174 4493 plane
3210 4406 3406 4467 nova
3440 4384 3561 4469 vel
3576 4383 3959 4493 pluribus

1224 4496 1561 4606 verstbus
1602 4492 1956 4577 audiora
1994 4490 2136 4602 ipsi
2165 4492 2693 4603 Anthologiae
2745 4494 3206 4579 Planudeae
3228 4494 3607 4605 pluribus
3643 4497 3731 4578 in
3766 4494 3958 4582 locis

1229 4610 1530 4719 infierta
1549 4606 1774 4716 funt.
1837 4606 2250 4713 Denique,
2292 4626 2381 4689 ut
2416 4610 2518 4691 ab
2536 4613 2682 4691 hac
2704 4607 3040 4691 editione
3060 4606 3269 4691 nihil
3300 4609 3606 4692 omnino
3628 4627 3959 4694 ornatus

1225 4717 1548 4831 abeffit‚
1591 4736 1926 4831 praeter
1981 4741 2073 4799 ea
2131 4712 2520 4803 Theocriti
2576 4720 2985 4824 carmina,
3042 4743 3243 4829 quae
3318 4718 3407 4801 in
3480 4719 3961 4827 Anthologia

1229 4833 1790 4933 inveniuntur,
1851 4830 2087 4915 etiam
2109 4848 2451 4937 quatuor
2483 4834 2699 4937 alia,
2752 4834 2856 4917 ab
2894 4834 3150 4916 eodem
3190 4832 3594 4920 Gno‘mo
3632 4829 3959 4919 Latinis

1221 4947 1554 5059 uersibus
1599 4944 1915 5030 reddita
1937 5004 1966 5047 ‚
2023 4942 2172 5025 huc
2214 4942 2787 5029 ‘introducenda
2829 4939 2965 5055 effe
2984 5007 3011 5050 ‚
3052 4943 3369 5054 putavi.
3814 5056 3961 5166 Est
