4775 6000
1210 544 1716 628 LlBER
1819 543 2714 638 SEPTIMUS.
2895 578 2900 587 ·
3155 579 3314 660 243

1418 868 1665 947 CIX.
1764 865 2455 964 Ejusnzm.

782 1170 985 1274 Quid
1032 1169 1289 1247 mirum
1316 1224 1343 1265 ,
1396 1173 1452 1249 fi
1503 1171 1607 1250 nil
1650 1169 1985 1246 miserans
2028 1166 2197 1264 iacit
2244 1171 2452 1266 ignea
2500 1175 2640 1248 tela
2661 1226 2692 1268 ,

868 1302 1300 1397 Argutoque
1348 1303 1661 1398 loquens
1707 1296 1979 1372 lumine
2028 1294 2215 1371 ridet
2262 1295 2556 1396 Amor?

772 1427 1047 1503 Nonne
1096 1444 1354 1521 parens
1402 1423 1606 1520 pueri
1653 1441 1816 1498 cum
1870 1422 2131 1498 Martis
2173 1423 2394 1498 amica
2440 1427 2573 1518 fit,
2620 1447 2810 1506 uxor

860 1551 1299 1641 Mulciberi,
1348 1551 1655 1624 flammas
1701 1559 2045 1641 temperat
2098 1546 2173 1620 ὰ
2220 1548 2493 1645 gladios
2525 1551 2562 1622 2

774 1681 983 1781 Quae
1030 1678 1279 1775 genuit
1326 1690 1665 1766 matrem,
1712 1693 1865 1750 non
1912 1691 1954 1746 a
2001 1687 2206 1748 truce
2255 1675 2538 1750 concita
2587 1692 2810 1756 vento

860 1802 1082 1881 Unda
1128 1802 1429 1880 fremit?
1477 1815 1683 1876 taceo
1732 1795 1825 1872 de
1871 1812 2121 1894 patre;
2168 1821 2383 1875 nemo
2429 1817 2654 1898 patet.

768 1931 1159 2008 Mulciberi
1205 1932 1513 2004 flammas
1562 1924 1731 2001 ideo
1776 1943 2005 2022 puer,
2052 1927 2385 2021 aequoris
2435 1927 2622 2024 iras,

862 2057 931 2132 T
936 2055 1123 2132 insta
1170 2075 1428 2130 cruore
1480 2053 1712 2131 virum
1763 2050 2028 2148 spicula
2076 2049 2337 2128 Martis
2382 2052 2622 2135 habet.

1455 2349 1639 2428 CX.
1735 2348 2426 2445 Ejusnzm.

762 2649 965 2748 Quos
1009 2647 1131 2722 dat
1184 2649 1411 2722 Amor
1458 2637 1723 2717 fluctus
1776 2637 1851 2712 Gt
1899 2639 2081 2714 flans
2128 2638 2336 2716 furor
2382 2645 2652 2724 aemule
2704 2646 2990 2732 saevum

856 2773 1194 2867 Semper,
1250 2770 1327 2844 δε
1373 2765 1681 2862 hyberni
1734 2765 1842 2840 vis
1886 2763 2096 2839 maris
2142 2762 2221 2840 in
2268 2769 2548 2860 cyathis
2571 2824 2600 2862 ,
2757 2832 2766 2844 .

756 2901 929 3002 Quo
973 2895 1325 2973 ferimur?
1372 2911 1531 2968 nam
1582 2891 1822 2966 clavus
1867 2887 2060 2965 abest
2106 2907 2148 2962 a
2194 2905 2432 2968 mente
2482 2899 2838 2982 revulsus.

854 3026 976 3100 An
1025 3040 1267 3099 tenera
1314 3021 1417 3096 est
1461 3022 1718 3095 iterum
1772 3014 2012 3111 Scylla
2060 3014 2369 3097 videnda
2415 3020 2613 3099 mihi.

1395 3319 1637 3397 CXI.
1738 3318 2448 3414 Esusnnm.

752 3615 1047 3710 Semper
1092 3612 1165 3688 in
1218 3631 1390 3687 aure
1438 3608 1613 3685 mihi
1661 3590 1879 3687 sonus
1924 3611 2338 3690 observatur
2384 3612 2685 3691 amoris:

846 3740 1191 3838 Clamque
1240 3739 1348 3814 illi
1394 3738 1790 3833 lachrymas
1836 3736 2104 3813 lumina
2150 3738 2389 3815 nostra
2435 3740 2714 3819 ferunt:

752 3861 927 3943 Nou
982 3866 1293 3943 tenebris
1340 3886 1490 3941 non
1538 3866 1702 3938 luce
1750 3860 1954 3960 quies
2002 3864 2228 3945 venit.
2276 3866 2494 3945 ardeo
2540 3885 2822 3947 tantum

847 3992 1043 4069 Pieca
1092 3997 1175 4069 fit
1222 4007 1304 4067 ut
1348 3988 1674 4065 dominae
1723 3974 1942 4065 corde
1987 3990 2215 4087 figura
2260 4012 2450 4071 meo,

745 4121 1043 4197 Pennati
1088 4118 1297 4216 pueri
1345 4106 1777 4191 mihi'dicite
1834 4112 2175 4209 Cypridis
2200 4169 2230 4208 ‚
2281 4120 2369 4193 ad
2419 4140 2554 4197 nos

840 4246 955 4320 Ire
1001 4248 1173 4321 licet
1222 4244 1476 4337 vobis,
1520 4262 1671 4323 non
1724 4240 1802 4319 Gt
1849 4241 2043 4319 abire
2090 4242 2318 4319 licet?

1362 4530 1649 4611 CXII.
1751 4534 2447 4631 Ejusnzu.

740 4827 899 4926 Ipse
945 4768 1361 4905 tuisbculis
1407 4826 1639 4905 factus
1687 4846 1877 4905 nova
1918 4826 2181 4927 praeda
2234 4790 2540 4948 Cupido·
2581 4830 2731 4927 est,

850 4956 1217 5034 Timarion
1235 5009 1265 5052 ,
1312 4961 1521 5035 coelo
1570 4954 1959 5055 quamlibet
1999 4955 2123 5031 ille
2172 4956 2398 5037 videt.

1793 5080 1931 5161 Hh
1980 5104 2027 5162 2
2910 5080 3252 5164 CX111.
