4775 6000
1034 544 2865 631 MANTISSASECUNDA;
3152 577 3321 669 ,ρι’

762 782 867 858 At
916 795 1111 853 nunc
1157 770 1446 868 quando
1496 771 1865 845 mei1resto
1958 791 2122 866 pars
2169 773 2386 872 tertia,
2426 774 2788 874 Nymphis

765 921 797 996 ,’
860 905 992 982 Me
1039 901 1340 976 mixtum
1387 915 1642 994 campo
1689 898 2040 994 conspicis
2083 901 2160 976 in
2212 901 2471 980 vitreo,
2639 909 2647 918 '

1574 1123 1686 1197 11.
1760 1121 1872 1196 De
1925 1121 2219 1218 Speculo.

765 1354 1075 1454 specim,
1130 1353 1180 1427 fi
1233 1347 1528 1446 spectas.
1581 1343 1810 1418 oculis
1860 1359 1988 1435 tu3
2037 1363 2186 1419 non
2239 1365 2388 1441 ego
2430 1369 2605 1424 vero

875 1483 1121 1558 Cerno
1171 1477 1441 1550 oculis:
1496 1473 1679 1546 nulli
1734 1491 1895 1544 nam⁴
1945 1469 2116 1543 mihi
2163 1470 2322 1548 sunt
2375 1476 2587 1551 oculi.

769 1609 1085 1712 Qu0d2‘fi
1127 1604 1296 1694 pis,
1343 1602 1486 1680 fine
1537 1616 1723 1674 voce
1773 1597 2072 1692 loquar:
2119 1617 2279 1672 nam
2332 1622 2481 1678 vox
2529 1605 2709 1704 tibi3
2768 1611 2958 1688 vano

693 1715 719 1732 ⁸*
867 1735 1034 1810 Sola
1083 1731 1326 1805 labore
1373 1725 1549 1800 mihi
1595 1725 1788 1801 labra
1840 1742 2133 1798 movere
2181 1725 2447 1802 datum.

1437 1949 1606 2026 111.
1655 1947 1765 2022 De
1818 1945 2399 2029 Phoenicobalanb.
2543 1907 2557 1914 ἡ

759 2185 1047 2260 Nomen
1096 2179 1362 2252 habens
1413 2175 1696 2266 matris,
1749 2174 1954 2270 gustu
2007 2175 2160 2249 sum
2211 2177 2495 2252 suavior
2544 2177 2741 2271 ipsa,

853 2308 982 2382 Illa
1036 2305 1154 2378 sed
1203 2305 1276 2377 in
1327 2303 1622 2396 longum
1674 2301 1917 2391 tensa,
1975 2301 2266 2394 pufinus
2317 2319 2479 2396 ego·

749 2435 960 2516 ,Illius
1012 2431 1114 2504 est
1165 2427 1436 2503 vescum
1489 2441 1762 2500 tantum
1811 2441 2072 2520 caput:
2121 2425 2222 2500 ast
2272 2447 2415 2522 ego
2466 2441 2668 2520 tota,

851 2561 1120 2638 Demto
1174 2553 1376 2654 quod
1425 2553 1703 2628 comedi
1755 2551 2014 2629 viscera
2060 2551 2298 2628 nostra
2341 2571 2633 2652 negant.

1609 2776 1760 2853 IV.
1811 2777 1920 2854 De
1975 2779 2252 2856 Cinara.

763 2981 958 3057 Cum
1001 2976 1252 3073 capitis·
1294 2993 1611 3065 caream,
1662 2974 2030 3051 cerebrum
2077 2996 2288 3072 gero:
2343 2976 2709 3078 longaque
2754 2986 3001 3065 cervix

859 3108 988 3180 Me
1039 3102 1246 3177 viridi
1293 3104 1543 3199 laetam
1593 3104 1902 3200 tegmine
1951 3104 2148 3178 tollit
2197 3104 2447 3181 humo.

762 3236 982 3311 Dicas
1032 3235 1168 3307 effe
1214 3232 1556 3327 globum,
1599 3252 1812 3328 quem
1863 3229 2032 3307 tibia
2077 3227 2390 3309 sustinet.
2440 3232 2626 3311 intra

867 3360 1206 3449 Viscera,
1255 3358 1308 3433 fi
1353 3338 1676 3453 quaeris,
1727 3357 1970 3432 matris
2021 3359 2298 3435 habebo
2349 3369 2655 3457 patrem.

1741 3582 1838 3657 V.
1889 3580 2127 3659 Liber.

762 3780 958 3855 Silva
1003 3775 1178 3853 mihi·
1221 3776 1572 3876 genitrix:
1624 3778 1824 3853 ferro
1873 3792 2138 3854 mutata
2185 3778 2415 3876 figura
2463 3780 2621 3855 estt

869 3906 1291 3997 Depositum
1341 3905 1552 3979 servo
1603 3906 1795 4001 quod
1845 3906 2015 3981 mihi
2063 3906 2278 3979 Musa
2323 3906 2549 3983 dedit.

771 4032 846 4107 si
893 4030 1220 4119 claudas,
1274 4046 1515 4103 taceo:
1569 4032 1620 4103 fi
1672 4030 1964 4122 pandas,
2012 4030 2361 4127 eloquor:
2418 4053 2609 4109 unus

867 4157 1230 4234 Sermonis
1282 4155 1516 4231 socius
1568 4158 1768 4231 Mars
1817 4154 1989 4227 mihi
2037 4155 2253 4235 durus
2309 4160 2536 4239 adest.

1624 4382 1776 4461 VI.
1830 4379 1941 4454 De
1989 4382 2168 4459 Pila.

770 4580 976 4676 Quos
1025 4580 1252 4653 habeo
1305 4578 1578 4668 crines,
1619 4579 1960 4665 foliorum
2011 4580 2318 4677 tegmine
2371 4582 2586 4674 vele,

867 4706 1138 4803 Estque
1186 4708 1555 4799 foramen,
1606 4722 1677 4780 at
1727 4706 1866 4780 hoc
1912 4726 2121 4780 nemo
2177 4708 2418 4780 videre
2468 4707 2747 4804 potest:

772 4832 1181 4909 Ludibrium
1231 4836 1466 4910 multis
1515 4834 1752 4930 pueris
1795 4855 1976 4931 ego:
2029 4836 2080 4909 fi
2133 4834 2292 4929 quis
2343 4834 2645 4930 ineptus—

859 4960 1150 5037 Lu-iere
1170 5011 1199 5054 ,
1253 4964 1345 5039 fic
1394 4962 1659 5057 adstat,
1710 4964 1884 5039 ficut
1925 4960 2174 5041 alenus
2216 4960 2442 5040 iners-

2988 5086 3291 5181 MANe
3416 5127 3428 5135 ·
