4775 6000
1033 533 1916 624 MANTISSA
2017 515 2847 616 SECUNDA:

783 799 950 879 XX
971 761 1168 876 XII.
1219 795 1310 869 In
1359 791 1721 868 Minervae
1769 791 2049 890 templo,
2098 789 2264 887 quod
2306 779 2709 892 confit-ravit
2764 788 3065 868 Cadmus.

761 1023 930 1098 Hoc
986 1005 1232 1094 oneie
1279 1019 1616 1115 tempium
1674 1017 1990 1093 cadmus
2041 1015 2238 1091 dedit
2282 1015 2435 1112 ipse
2484 995 2912 1110 Minervae,

755 1147 1251 1244 Mastavitque
1275 1148 1611 1250 hovem,
1664 1143 1929 1248 Thebe
1969 1159 2132 1213 cum
2180 1139 2507 1215 condidit
2553 1142 2821 1218 urbem.

1104 1401 1576 1502 Inscriptioner
1636 1395 1980 1492 Tripodum
2025 1395 2268 1484 trium,
2327 1398 2437 1490 qui
2488 1393 2734 1471 Thebis
2872 1493 2881 1506 ι

1429 1596 1436 1604 ,
1463 1521 1629 1620 sunt
1680 1523 1749 1594 in
1799 1521 1962 1594 aede
2013 1513 2371 1616 Apollinii.

1079 1696 1094 1710 ⁶
1181 1749 1255 1822 X
1275 1747 1344 1822 X
1365 1744 1489 1820 XI
1512 1743 1623 1820 11.
1671 1741 1978 1836 Ismem’i,
2021 1742 2093 1813 in
2135 1741 2342 1838 primo
2395 1743 2668 1838 tripode.

753 1955 1095 2038 Telebois
1148 1953 1330 2030 satus
1379 1950 1817 2045 Amphitryo
1866 1971 1978 2022 me
2027 1949 2162 2026 rite
2208 1909 2498 2026 dicavit.
2524 1975 2543 1994 ⁸

1467 2208 1542 2280 X
1561 2207 1724 2280 XX
1749 2206 1780 2280 1
1803 2205 1902 2280 V.
1952 2205 2042 2278 In
2079 2201 2387 2301 secundo,

759 2437 882 2515 Ad
929 2437 1050 2512 sua
1099 2451 1256 2509 cum
1307 2430 1574 2505 Scaeus
1627 2423 1964 2502 remeavit
2011 2421 2295 2513 limina,
2344 2423 2574 2503 vietor

757 2563 1122 2641 Caestibus
1145 2615 1172 2654 ‚
1221 2557 1622 2634 arcitenens
1665 2551 1865 2628 dedit
1915 2548 2057 2623 hoc
2105 2549 2236 2626 tibi
2285 2570 2547 2632 munus
2596 2555 2898 2654 Apollo.
2984 2589 2991 2600 ·

1528 2815 1598 2889 X
1613 2813 1686 2888 X
1709 2813 1781 2888 X
1797 2814 1896 2888 V.
1964 2807 2052 2882 In
2100 2813 2322 2890 tertio.

746 3008 1131 3105 Laodamas
1181 3021 1390 3115 regni
1435 3022 1690 3096 solium
1731 3018 1858 3113 qui
1907 3016 2257 3113 poffidet‚
2307 3018 2445 3093 isto

741 3154 1035 3231 Phoebe
1085 3148 1578 3249 sagittipotens
1625 3144 1934 3243 pulchro
1977 3158 2052 3221 te
2102 3164 2401 3223 munere
2448 3142 2692 3223 donat.

875 3414 948 3489 X
969 3412 1040 3489 X
1063 3412 1134 3485 X
1153 3411 1304 3487 VI.
1356 3406 1444 3480 In
1491 3403 1783 3527 columne
1828 3402 2034 3496 Jovis
2084 3403 2333 3501 Lycaei
2375 3402 2459 3476 de
2504 3402 2933 3495 Aristocran.

747 3608 1110 3697 Tempore
1162 3600 1284 3675 sed
1333 3619 1600 3695 poenas
1645 3599 1898 3695 pendit
1943 3616 2068 3671 rex
2117 3595 2448 3690 proditor
2493 3614 2789 3699 aequas:

835 3730 1155 3803 Messene
1205 3724 1472 3821 reperit
1521 3744 1682 3799 cum
1731 3723 1922 3822 Jove
1967 3722 2236 3821 grande
2284 3723 2513 3801 nefas.

735 3856 886 3931 Vix
934 3854 1037 3928 est
1087 3867 1171 3926 ut
1219 3851 1546 3950 superam
1594 3849 1924 3947 perjurus
1972 3851 2261 3927 numina
2307 3850 2554 3943 fallat,

842 3984 962 4059 Tu
1015 3978 1202 4053 salve
1252 3976 1328 4049 δι
1377 3978 1622 4066 serva,
1677 3974 2010 4072 Jupiter,
2059 3977 2456 4055 Arcadiam.

901 4233 1378 4313 XXXVII.
1432 4232 1524 4309 In
1573 4230 1821 4307 tabella
1869 4233 2144 4327 quadam
2195 4234 2278 4308 de
2324 4236 2667 4333 columna,
2716 4262 2881 4336 quae

1227 4358 1384 4462 sola
1433 4382 1518 4435 ex
1572 4362 1888 4437 Oenomai
1935 4360 2110 4435 domo
2142 4357 2522 4459 supererat.

739 4560 871 4634 Illa
921 4576 1080 4653 ego·
1109 4548 1260 4631 suni
1311 4556 1577 4653 magnis
1621 4556 1959 4655 superans
2005 4578 2098 4633 ex
2145 4557 2433 4637 aedibus
2453 4613 2503 4653 ‚‚
2528 4561 2711 4637 intra

837 4684 1188 4759 Oenomai
1233 4684 1591 4780 quondam
1638 4684 1784 4759 visa
1832 4684 2162 4761 columna
2209 4686 2433 4760 lares:

735 4812 960 4889 Nunc
1008 4812 1212 4907 Jovis
1258 4814 1334 4887 in
1385 4812 1619 4909 magni
1667 4812 1978 4888 retinent
2025 4832 2136 4885 me
2185 4813 2473 4888 vincula
2516 4813 2832 4911 templo,

835 4939 1132 5036 Ignibus
1183 4938 1257 5015 δι
1309 4940 1520 5019 tantis
1565 4940 1974 5019 intemerata
2023 4938 2251 5016 color.

3145 557 3301 638 329

635 5062 710 5141 T
727 5085 774 5139 o
791 5086 879 5143 u.
929 5064 1064 5141 ΠΙ.
1879 5062 1950 5143 Τ
1971 5078 2002 5147 t
2807 5066 3241 5146 XXXVIII.
