4775 6000
1374 531 1880 615 LIBER
1981 531 2661 617 SEXTUS·-

825 759 1338 856 Aspiciensque
1383 767 1624 830 truces
1671 749 1978 828 violenti
2025 751 2322 848 gurgitis
2369 725 2595 829 undas

933 886 1154 962 Fudit
1201 883 1292 958 ad
1341 899 1769 978 aequoreum
1820 879 1986 952 talia
2035 882 2251 956 verba
2303 879 2585 956 Deum:

824 1016 1065 1093 Multa
1109 1007 1477 1097 laboravi,
1525 1004 1658 1080 scis
1705 1005 1845 1078 hoc
1893 1019 2148 1098 pater:
2203 1005 2352 1100 ipse
2403 1006 2621 1085 senex
2673 1009 2859 1086 sumt

927 1143 1312 1238 Paupertas
1358 1133 1602 1212 eadem
1650 1131 1799 1223 est,
1855 1130 1930 1206 δι
1977 1129 2294 1228 juvenile
2345 1133 2559 1208 viret.

829 1267 948 1344 De
1001 1268 1165 1342 sene
1215 1262 1416 1364 quod
1460 1261 1672 1352 restat
1722 1259 1978 1334 misero
2029 1275 2110 1334 tu
2157 1259 2417 1354 pasce:
2475 1260 2595 1336 sed
2646 1285 2831 1358 0r0,

928 1395 1046 1470 Ex
1094 1408 1324 1484 terra,
1373 1407 1600 1465 terrae
1651 1387 1923 1485 quippe
1967 1386 2178 1462 herus
2230 1401 2451 1484 atque
2500 1389 2731 1468 maris.

1619 1675 1717 1751 X.
1821 1675 2421 1754 MAzcrr·

835 1938 1114 2015 Littora
1161 1933 1290 2030 qui
1337 1933 1614 2023 servas,
1669 1932 2010 2027 piscatrix
2059 1934 2314 2025 turba,
2368 1933 2673 2032 Priape,

905 2063 1125 2142 Haec
1176 2059 1308 2134 tibi
1355 2055 1446 2130 de
1496 2055 1792 2152 quaestu
1848 2054 2038 2129 dona
2087 2053 2349 2130 dedere
2396 2061 2631 2133 maris.

827 2189 1136 2286 Agmina
1185 2185 1624 2277 thynnorum
1675 2184 2052 2280 postquam
2101 2183 2406 2258 clausere
2458 2187 2863 2281 profundis

923 2311 1279 2400 RetibuS,
1324 2327 1722 2406 aequoreae
1771 2329 1914 2408 qua
1961 2312 2330 2388 sinuantur
2374 2331 2601 2408 aquae
2643 2366 2669 2405 ,

835 2441 933 2516 Et
983 2437 1340 2512 scamnum
1390 2437 1593 2534 quod
1637 2437 1828 2512 erica
1873 2436 2130 2529 dedit,
2176 2452 2594 2537 crateraque
2642 2441 2831 2542 fago

929 2564 1319 2657 Excisum,
1355 2563 1451 2637 ·&
1501 2563 1654 2639 vini
1699 2564 1964 2660 pocula
2009 2561 2198 2640 fasta
2247 2569 2493 2644 vitroz

827 2693 938 2768 Ut
988 2693 1118 2768 tibi
1169 2675 1330 2764 cum
1381 2691 1656 2766 fuerint
1713 2689 2009 2785 vestigia
2059 2689 2222 2764 laisa
2269 2691 2598 2788 choreiS,

939 2819 1140 2896 Haec
1190 2817 1320 2894 tibi
1365 2817 1448 2892 fit
1499 2815 1790 2913 requies
1841 2812 1918 2898 ἃς
1968 2813 2316 2908 medicina
2361 2819 2512 2894 fiti·

1513 3106 1667 3182 XI.
1768 3104 1930 3183 PH
1979 3132 2010 3183 1
2059 3128 2112 3183 1.
2167 3130 2198 3181 1
2249 3126 2382 3185 rr
2436 3130 2503 3185 r.

836 3368 1048 3444 Retia
1097 3378 1282 3465 quae
1329 3368 1622 3462 plumbo
1677 3366 1980 3439 subeunt
2027 3366 2340 3439 demersa
2392 3370 2889 3468 profundum,-

935 3494 1034 3568 Et
1082 3512 1352 3566 remum
1391 3543 1418 3581 ‚
1469 3490 1822 3566 madidum
1871 3513 2063 3567 nunc
2111 3512 2401 3588 quoque
2460 3514 2625 3567 rore
2678 3496 2853 3591 sali,

837 3619 1342 3715 Lethalemque
1389 3616 1562 3692 feris
1586 3669 1612 3707 ,
1661 3616 1852 3691 saevi
1899 3617 2105 3691 maris
2156 3620 2390 3711 arma,
2445 3620 2821 3700 tridentem
2842 3680 2883 3719 ,.

934 3746 1034 3820 Et
1080 3765 1264 3842 quae
1319 3744 1677 3841 detegitur
1722 3744 1973 3819 subere
2024 3746 2210 3820 nass'a
2259 3746 2443 3839 su0,

846 3872 1191 3971 Quaeque
1237 3891 1518 3947 manum
1565 3871 1846 3945 ratibus·
1885 3866 2058 3945 facit
2105 3872 2468 3967 anchora,
2520 3875 2793 3974 quique
2842 3880 3200 3959 recondit·

931 3998 1397 4071 Flammarum
1450 4000 1680 4071 nautis
1729 4000 1987 4073 semina
2033 4014 2231 4095 grata
2281 4000 2499 4074 filex-2

849 4124 1099 4215 Haec,
1146 4124 1620 4221 pelagibone
1669 4123 1947 4214 testor,
2001 4126 2483 4221 Amyntichus
2540 4124 2784 4204 ultima
2832 4130 3035 4206 dona·

940 4250 1092 4326 Dat
1139 4252 1322 4345 tibi,
1366 4251 1502 4344 jam
1551 4252 1806 4327 ceffans
1857 4255 2189 4349 aequoris
2238 4254 2342 4328 ire
2394 4254 2567 4334 vias·

1605 4543 1824 4621 XII..
1911 4546 2000 4621 M
2051 4564 2104 4618 A
2155 4564 2204 4621 r.
2257 4569 2304 4623 c
2358 4571 2515 4623 11⁶.

861 4802 946 4879 O‘
984 4802 1114 4877 cui
1163 4804 1298 4877 fint
1349 4802 1553 4877 cordi
1599 4804 2054 4902 scopulorum
2105 4806 2310 4896 saxa,
2361 4804 2679 4905 Priape,.

957 4929 1066 5005 Et
1114 4928 1365 5008 brevia
1403 4931 1662 5011 insanis
1711 4948 1895 5034 quae
1939 4952 2129 5011 mare
2174 4933 2360 5013 radit
2418 4936 2655 5035 aquiS,
2700 5023 2709 5033 ,

3256 531 3367 630 ⁸7

3260 5068 3413 5161 T&
