4775 6000
1242 539 1751 624 LIBER
1850 538 2736 627 SEPTI-MUS.

804 780 971 856 Nec
1014 790 1253 872 penna
1288 781 1581 848 metunt·
1602 767 1697 854 ‘de
1740 753 2129 865 praepetes
2176 789 2337 848 nam
2382 751 2579 846 ferus
2627 791 2725 848 ex
2769 791 2924 871 quo

902 901 1223 999 Inpofito
1272 896 1513 996 preffit
1556 897 1849 993 pectora
1894 895 2137 973 nostra
2186 897 2371 993 pede
2390 951 2420 990 ‚

802 1030 1065 1111 Infidet
1108 1027 1488 1102 immotus:
1542 1024 1770 1120 quin,
1820 1009 1912 1098 ne
1964 1023 2325 1100 discedere
2376 1031 2648 1122 posset,

905 1159 1025 1235 En
1073 1153 1283 1232 etiam
1328 1169 1601 1248 pennas
1650 1146 1947 1226 abscidit
1993 1148 2140 1244 ipse
2184 1151 2337 1229 fibi.

1516 1433 1607 1518 L.
1714 1435 2504 1533 Ejusnzm'

779 1709 947 1786 Nec
994 1701 1193 1778 sertis
1242 1698 1399 1774 rosa
1446 1695 1681 1772 dulcis
1728 1707 1934 1790 eget:
1982 1714 2119 1768 nec
2166 1696 2361 1772 veste
2414 1694 2724 1796 decora,

892 1825 1343 1907 Gemmiferis
1376 1843 1581 1918 ‚opus
1628 1821 1728 1896 est
1781 1840 1918 1894 nec
1968 1820 2098 1895 tibi
2146 1823 2493 1904 reticulis·

792 1957 1188 2036 Candidior
1234 1951 1435 2029 rubri
1482 1952 1695 2024 bacca
1744 1961 1823 2020 tu
1869 1945 2132 2020 littoris
2160 1968 2203 2019 x·
2238 1968 2488 2026 aurum
2547 1927 2556 1934 ’

874 2065 1233 2162 Provocat
1276 2081 1600 2173 impexae
1652 2073 1872 2170 gratia
1917 2073 2103 2146 flava
2152 2093 2426 2152 comae.
2463 2062 2484 2074 “

786 2211 1147 2290 Ardentes
1195 2205 1458 2302 spargit
1506 2201 1739 2277 radios
1790 2198 2268 2292 hyacinthus,
2314 2202 2406 2279 ab
2460 2203 2655 2280 Indis

879 2334 1028 2437 Qui
1077 2331 1317 2408 venit:
1370 2327 1473 2402 est
1524 2324 1756 2400 oculis
1806 2321 1929 2397 sed
1972 2323 2209 2400 minor
2256 2327 2379 2400 ille
2433 2330 2605 2408 tuis.

778 2457 1131 2556 Corporis
1175 2453 1557 2530 aetheriam
1605 2469 2021 2549 compagem
2074 2449 2152 2526 dt
2202 2453 2470 2530 roscida
2515 2456 2708 2536 labra
2727 2512 2756 2557 ,

878 2589 1080 2664 Haec
1130 2579 1436 2656 Veneris
1480 2577 1791 2668 cestum,
1841 2575 1895 2652 fi
1945 2598 2182 2672 voco,
2225 2578 2383 2676 iure
2438 2603 2654 2660 voco.

788 2709 1141 2792 Omnibus
1185 2707 1297 2782 his
1343 2727 1589 2802 pereo.
1645 2703 1769 2780 sed
1812 2700 2003 2777 enim
2050 2703 2369 2781 solantur
2420 2707 2687 2786 ocellis

879 2833 1272 2916 Constituit
1319 2833 1555 2909 sedem
1601 2830 1763 2929 spes
1808 2830 1937 2908 ubi
1978 2829 2237 2907 blanda
2282 2833 2502 2911 suam.

1456 3124 1609 3206 LI.
1713 3121 2415 3221 EJusnen.

784 3390 1020 3489 Quam
1065 3386 1361 3463 formam
1412 3384 1689 3482 pridem
1740 3400 1862 3463 tua
1912 3384 2042 3461 sub
2088 3385 2503 3479 praecordia
2549 3392 2853 3473 nostram

876 3516 1337 3613 sculptorum
1385 3514 1721 3610 princeps
1768 3513 2111 3612 effigiant
2163 3514 2434 3589 Amor:

774 3642 1072 3740 Exspuis
1120 3642 1260 3716 heu
1309 3638 1591 3715 subito‘:
1644 3657 1896 3717 contra
1940 3632 2111 3715 mihi
2158 3639 2375 3716 corde
2425 3642 2789 3738 profundo

870 3768 1139 3845 Haeret
1180 3768 1409 3843 adhuc
1456 3767 1703 3843 vultus
1746 3770 2047 3864 pulchra
2096 3769 2325 3867 figura
2374 3770 2511 3845 tui.

776 3896 991 3972 Hanc
1034 3917 1173 3995 ego
1220 3914 1417 3973 nunc
1472 3894 1672 3989 Soli,
1718 3896 2015 3991 posthac
2060 3895 2247 3971 dabo
2294 3918 2590 3975 cernere
2639 3900 2844 3999 Diti,

863 4024 1031 4099 Rex
1080 4022 1265 4097 ferat
1314 4036 1395 4095 ut
1444 4018 1536 4094 de
1585 4035 1658 4096 te
1710 4021 2044 4099 Gnossius
2089 4023 2480 4101 arbitrium.

1442 4308 1639 4386 LII.
1750 4310 2456 4411 EJusnnM.

764 4567 1169 4649 eumstatur
1222 4566 1721 4664 Cleophantis.
1764 4585 1835 4648 at
1879 4572 2059 4647 haec
2104 4574 2277 4649 mihi
2328 4576 2534 4652 tertia
2579 4578 2718 4675 jam
2766 4602 2964 4664 nunc

864 4696 1135 4771 Deficit
1178 4696 1544 4771 emoriens
1578 4697 1745 4794 igne
1789 4698 2085 4777 lucerna
2134 4701 2290 4776 suo.

767 4820 1223 4918 Deficiatque
1272 4822 1539 4900 utinam
1586 4843 1740 4899 mea
1787 4823 1958 4916 fax,
2008 4826 2273 4903 defecit
2324 4844 2406 4904 ut
2455 4830 2628 4927 illa,

841 4946 991 5025 Fax
1046 4948 1245 5048 vigili
1295 4966 1525 5029 torret
1572 4972 1755 5051 quae
1802 4953 1977 5031 mihi
2034 4954 2255 5034 corda
2306 4954 2485 5037 face.

3155 5092 3324 5184 ,Vc-i.
