4775 6000
2260 514 2388 632 ,(
2496 539 2675 606 xxv
2773 511 2835 624 )

1187 775 1233 878 ,·
1245 829 1274 876 ,
1301 753 1488 853 lius
1525 743 1738 850 cum
1785 744 2259 848 veteribus
2313 743 2853 845 austoribus
2914 749 3024 846 in
3068 736 3509 878 gratiam
3578 753 3929 852 redire·

1190 969 1268 1016 ‚,
1299 921 1535 992 mus,
1641 889 1878 988 Dici
1939 888 2185 982 enim
2239 885 2423 983 vix
2472 883 2765 1012 potest
2782 918 2828 1002 ,·
2920 889 3272 1012 quoties
3322 889 3725 1016 nostrum
3766 921 3933 992 nos

1187 1107 1267 1156 ‚‚
1300 1027 1603 1158 fallat
1671 1024 2143 1150 judicium
2168 1098 2198 1143 ‚
2297 1050 2511 1122 cum
2552 1021 2839 1151 saepe
2886 1027 3063 1126 illa
3080 1099 3117 1147 ,
3184 1055 3427 1150 quae
3514 1027 3725 1128 heri
3750 1047 3939 1158 pro
4070 1129 4075 1134 ,

1193 1243 1274 1292 ,,
1303 1167 1712 1267 oraculis
1747 1163 2354 1263 habuerimus
2375 1235 2409 1280 ,
2450 1164 3039 1287 repudiemus
3064 1239 3099 1280 ‚
3166 1161 3287 1266 ἔθ’
3320 1164 3602 1263 nihili
3618 1163 3941 1292 facia-

1185 1381 1228 1429 ,
1239 1379 1272 1428 ,
1299 1333 1508 1406 mus
1535 1305 1752 1402 hodi
1751 1333 1824 1402 e.
1898 1301 2128 1436 Quo
2156 1327 2415 1398 circa
2446 1325 2635 1397 non
2676 1303 2921 1400 male
2946 1305 3211 1399 illum
3236 1303 3455 1400 olim
3476 1301 3945 1432 judicaffie

1193 1519 1267 1568 ,‚
1297 1443 1726 1543 arbitror
1757 1515 1790 1562 ,
1823 1443 1989 1566 qui
2009 1444 2687 1574 interrogatus,
2722 1441 3191 1564 quodnam
3216 1437 3611 1540 Homeri
3644 1472 3943 1542 exem-

1197 1657 1274 1706 „
1299 1581 1541 1710 plar
1575 1584 1986 1680 omnium
2015 1573 2228 1704 efflet
2263 1581 2745 1704 optimum,
2769 1577 3237 1705 respondit
3257 1652 3291 1698 ‚
3362 1579 3477 1676 id
3504 1583 3753 1704 quod
3777 1585 3949 1680 mi·

1205 1787 1284 1841 ‚‚
1313 1723 1566 1818 nime
1617 1718 1736 1846 est
1781 1716 2321 1819 correcium.
2406 1715 2711 1848 ⁴Qgtod
2734 1713 2829 1838 fi
2870 1745 3296 1839 unquam
3314 1745 3647 1814 verum
3686 1713 3895 1845 fuit
3914 1793 3951 1838 ,

1107 1955 1115 1964 .
1201 1931 1279 1980 ‚,
1305 1886 1474 1958 nos
1515 1860 1624 1953 in
1699 1857 1898 1954 dies
1949 1853 2503 1982 verifflmum
2575 1856 3125 1980 experimur
3144 1927 3179 1974 ,
3248 1857 3627 1979 quando
3659 1859 3919 1983 pleri
3920 1909 3955 1926 ·

1207 2063 1279 2118 ,,
1309 2024 1485 2122 que
1513 2012 1893 2092 tantum
1917 1989 2102 2119 fibi
2117 1991 2523 2119 sumunt
2545 2064 2575 2109 ,
2618 2011 2729 2088 ut
2768 1993 2881 2089 in
2906 2007 3331 2090 veterum
3346 1989 3741 2118 scriptis
3766 2018 3957 2094 non

1215 2207 1288 2257 „
1314 2133 1603 2231 aliter
1651 2159 1770 2228 ac
1795 2130 2011 2258 suis
2059 2127 2439 2254 quidvis
2462 2127 2647 2257 fibi
2699 2130 2978 2228 'licere
3009 2146 3387 2257 putent.
3492 2125 3777 2232 Hanc
3844 2130 3954 2232 ob

1209 2342 1290 2394 ‚,
1317 2265 1604 2396 cauff
1579 2297 1742 2366 am
1777 2263 1942 2391 etsi
1978 2268 2395 2364 viderem
2434 2272 2543 2364 in
2582 2287 2743 2368 tuo
2766 2265 3263 2398 archetypo
3288 2267 3599 2394 plura
3638 2273 3961 2374 vulne-e

1187 2483 1292 2532 ‚„
1323 2435 1450 2508 ra
1475 2479 1512 2527 ‚
1555 2434 1802 2531 quae
1823 2405 1985 2503 vel
2011 2406 2601 2503 mediocriter
2642 2406 3003 2504 Graece
3024 2405 3339 2505 dofi‘us
3347 2406 3723 2534 sanare
3750 2427 3963 2538 pos-

1221 2619 1296 2669 „
1305 2545 1458 2676 fet
1480 2615 1515 2663 ,
1559 2543 1868 2642 malui
1915 2559 2235 2641 tamen
2261 2537 2683 2670 seorsum
2738 2570 3001 2644 meas
3048 2545 3515 2670 quasdam
3566 2545 3685 2646 de
3744 2549 3965 2646 locis

1217 2757 1295 2806 „
1315 2680 1757 2810 suspeoiis
1813 2696 2287 2780 annotare
2339 2680 2919 2802 conseHuras
2976 2681 3097 2784 δέ
3142 2679 3611 2802 lectiones,
3676 2709 3965 2810 quam
4040 2777 4055 2782 -

1219 2893 1300 2946 ,,
1325 2847 1570 2947 quae
1588 2815 1826 2916 mihi
1855 2836 2195 2915 temere
2193 2811 2595 2943 fortaffe
2622 2821 2727 2915 in
2754 2838 3155 2918 mentem
3198 2841 3718 2945 venerunt,
3737 2842 3969 2949 pas·

1225 3032 1302 3083 ‚,
1331 2957 1510 3088 ssm
1554 2961 1663 3056 in
1707 2971 2243 3057 contextum
2268 3028 2303 3075 ‚
2367 2973 2481 3053 ut
2522 2973 2870 3055 vocant
2888 3028 2925 3075 ,
2968 2949 3463 3084 inserere.”

1345 3092 1778 3199 Nunquam
1835 3088 2115 3174 melius
2167 3085 2264 3173 ὃ
2317 3088 2579 3173 verius
2628 3089 3039 3197 quisquam
3086 3110 3339 3173 meam
3374 3088 3471 3171 de
3508 3089 3659 3174 laeac
3724 3114 3977 3175 emen·

1225 3204 1476 3291 dandi
1536 3203 1848 3286 ratione
1883 3201 2368 3311 sententiam
2402 3198 2801 3310 explicare
2814 3198 3231 3311 potutfflt,
3286 3222 3525 3307 quam
3547 3198 3751 3310 fecit
3792 3202 3975 3286 Fal-

1229 3314 1716 3420 kenburgius
1751 3377 1780 3419 ,
1875 3338 2104 3423 quem
2141 3308 2611 3423 potiffimum
2658 3313 2789 3395 hic
2858 3314 3127 3420 itaque
3186 3312 3575 3397 auaorem
3630 3314 3927 3424 sequar
3944 3375 3973 3419 ,

1231 3427 1622 3537 quidquid
1649 3426 1924 3510 dicant
1944 3427 2092 3510 alii
2123 3428 2220 3510 de
2255 3426 2767 3513 admittendis
2804 3424 3027 3509 vitiis
3042 3488 3075 3529 ‚
3133 3440 3227 3507 ut
3264 3439 3571 3534 putant
3584 3488 3613 3531 ,
3672 3430 3969 3511 dudum

1225 3540 1568 3649 sublatis
1599 3534 1702 3623 δ’
1731 3536 2188 3623 lectionibus
2227 3540 2315 3620 in
2351 3538 2751 3642 integrum
2791 3534 3202 3643 restitutis.

1355 3652 1802 3759 Antequam
1843 3676 2018 3735 vero
2059 3674 2186 3733 vos
2206 3710 2232 3751 ‚
2290 3648 2581 3748 amici,
2636 3650 2743 3731 ab
2786 3648 2939 3731 hac
3000 3646 3521 3755 Anthologiae
3580 3650 3974 3757 Graecae,

1235 3762 1879 3875 contemplatione
1907 3761 2312 3845 dimittam
2333 3822 2362 3864 ,
2418 3760 2802 3867 quaedam
2838 3762 2939 3845 de
2976 3760 3207 3871 ipfius
3225 3762 3439 3867 satis
3476 3762 3811 3846 dicenda
3844 3790 3979 3848 ar-

1243 3881 1606 3963 bitrarer
1621 3936 1652 3977 ‚
1709 3872 1858 3981 nisi
1885 3870 2134 3980 noster
2191 3873 2829 3981 Wyttenbacbius
2848 3936 2877 3979 ,
2932 3874 3079 3957 vir
3124 3870 3591 3983 clartffimus
3648 3872 3745 3957 δ’
3778 3900 3983 3960 vera

1245 3992 1746 4075 Graecarum
1785 3984 2248 4069 litterarum
2287 3987 2719 4093 cognitione
2760 3987 2851 4068 in
2894 3980 3231 4096 Europa
3265 3986 3487 4068 hodie
3514 3984 3765 4093 facile
3806 4013 3981 4077 eret·

1240 4104 1594 4187 ditorum
1699 4099 2006 4209 rinceps
2029 4160 2056 4197 ‚
2115 4099 2212 4181 de
2250 4099 2356 4182 iis
2385 4116 2555 4182 tam
2596 4113 2969 4182 accurate
3000 4160 3029 4200 ‚
3084 4114 3321 4207 atque
3360 4096 3758 4206 eleganter
3792 4100 3899 4215 (1
3930 4102 3987 4212 )

1247 4211 1567 4327 diffirui
1627 4228 1704 4294 et
1719 4274 1746 4313 ‚
1789 4225 1882 4293 ut
1923 4210 2132 4295 nihil
2165 4211 2360 4294 addi
2389 4208 2599 4321 poffe
2634 4212 3020 4296 videatur.

1360 4326 1504 4410 Ex
1539 4324 1634 4405 ed
1669 4348 1842 4408 vero
1867 4386 1890 4421 ,
1935 4346 2172 4432 quam
2205 4320 2837 4431 Wj'ttenbachius
2898 4322 3119 4406 dedit
3152 4385 3180 4428 ,
3238 4322 3749 4435 descriptione
3814 4322 3989 4409 An·

1247 4438 1631 4544 thologiae
1669 4434 1876 4519 illud
1921 4452 2234 4519 tantum
2293 4438 2390 4519 de
2432 4432 2659 4547 ipsius
2716 4436 3149 4520 conditione
3214 4433 3313 4521 δ’
3354 4432 3573 4543 statu
3650 4439 3990 4521 breviter

1241 4554 1638 4639 vobiscum
1707 4550 2431 4633 communicandum
2457 4564 2839 4659 putamus
2874 4576 2909 4645 ,·
3002 4550 3213 4657 quod
3264 4550 3601 4656 quinque
3668 4546 3989 4657 ,βιαία

1233 4662 1670 4777 scriptores
1683 4722 1714 4765 ‚
1765 4680 2098 4769 quorum
2149 4662 2298 4747 alii
2333 4660 2560 4771 longe
2605 4662 2759 4746 alio
2814 4677 3197 4775 tempore,
3264 4660 3421 4749 alio
3476 4662 3697 4747 modo
3730 4722 3761 4766 ,
3840 4662 3994 4772 epi-

2724 4820 2733 4829 ·
3696 4798 3983 4887 gram·

1233 4996 1269 5005 ,,
1339 4918 1488 5007 (ι)
1527 4916 1694 4991 Bm.
1735 4916 1914 4988 Crit-
1960 4912 2050 4990 V.
2092 4932 2148 4987 1.
2181 4936 2257 5009 p.
2297 4940 2376 4990 ο»
2404 4936 2545 5010 pag
2610 4938 2717 4990 no.
2760 4922 2833 4997 δ’
2858 4922 3045 5008 fiqq.
