4775 6000
1214 556 1717 648 MBER
1820 503 2717 648 SEPTIMUS:
3153 555 3321 678 ,φρ

790 792 1111 890 Vespere
1161 808 1291 883 per
1342 787 1713 868 Venefem·
1727 783 1961 864 mdes
2009 785 2251 886 iurata·
2285 789 2575 880 venire,

886 921 1067 994 Non
1116 912 1439 992 homines
1490 911 1753 1004 flocci,
1804 929 1957 988 non
2005 911 2182 987 facit
2226 911 2348 986 illa
2393 913 2596 1024 deos.

1192 1243 1197 1253 ·
1421 1230 1676 1332 L111.
1780 1184 2490 1341 EJuspnmss

785 1553 1275 1641 Hermonassa,
1320 1569 1520 1634 mero
1570 1547 1886 1622 titubans
1906 1600 1933 1641 ,
1986 1545 2157 1622 dum
2204 1535 2447 1622 li‘mina
2495 1548 2702 1628 servo

885 1679 1157 1770 lpfius,
1209 1675 1287 1750 δε
1334 1672 1591 1751 vinffis
1639 1673 1939 1748 floribus
1988 1693 2171 1748 orno
2220 1671 2472 1763 fores;

778 1805 912 1881 Me
960 1801 1222 1896 cyatho
1271 1798 1590 1896 perfudit
1636 1818 1906 1894 aquae:
1956 1798 2237 1873 turbata
2284 1797 2580 1894 'repente
2607 1855 2636 1894 ,
2938 1803 2948 1852 l
3015 1837 3022 1846 ·

884 1914 1179 2024 Vixque
1226 1927 1355 2002 fibi
1404 1927 1587 2000 trina
1634 1921 1907 1996 reddita
1952 1923 2117 1996 luce
2168 1943 2371 1998 coma
2415 1925 2561 2000 est:

781 2054 954 2129 Plus
1001 2055 1091 2127 ab
1136 2052 1339 2148 aquis
1386 2051 1629 2137 calui,
1682 2043 1859 2143 quis
1888 2039 2263 2126 crederet?
2312 2047 2508 2126 intus
2559 2052 2864 2134 habebat
2993 2109 3000 2116 .

886 2177 1054 2252 Vim
1100 2178 1412 2250 flammae
1460 2175 1784 2250 dominae
1830 2171 2060 2248 taetus
2111 2175 2203 2249 ab
2254 2195 2381 2249 ore
2431 2177 2641 2256 calix.

1416 2489 1651 2586 Liv.
1755 2489 1829 2564 Ε·
1878 2512 1906 2585 1
1963 2511 2019 2565 u
2070 2509 2211 2574 sn
2259 2511 2311 2566 z
2350 2513 2452 2583 κ.

780 2816 979 2916 Quae
998 2861 1027 2905 ‚
1078 2806 1557 2905 Cleophanti,
1607 2805 1773 2882 vide
1822 2805 2009 2882 binis
2058 2807 2144 2881 fit
2191 2807 2414 2904 gratia
2434 2862 2461 2903 ,
2508 2830 2737 2889 nexos
2854 2790 2860 2796 ’

881 2939 1089 3040 Quos
1134 2936 1333 3012 fimul
1384 2933 1631 3009 insano
1684 2932 1969 3009 turbine
2017 2929 2247 3008 versat
2292 2953 2533 3011 amor:

790 3069 942 3169 Qui
986 3078 1262 3154 metus,
1305 3050 1441 3134 aut'
1479 3058 1651 3136 belli
1694 3058 1922 3134 rabies
1945 3109 1972 3148 ‚
2022 3072 2149 3133 aut
2196 3079 2367 3137 cura
2416 3038 2716 3158 pudoris

882 3191 1200 3267 Divellat
1246 3188 1456 3265 nodis
1503 3186 1765 3263 talibus
1812 3184 2197 3280 implicitos
2220 3188 2260 3261 ²·
2393 3216 2402 3225 ·

776 3318 1088 3394 Vincula
1134 3337 1245 3389 me
1288 3296 1631 3407 stringant
1676 3329 1863 3409 quae
1914 3313 2209 3389 Lemnia
2256 3317 2564 3409 protulit
2614 3316 2814 3397 incus
2833 3375 2862 3416 ,

867 3444 1022 3517 Aut
1068 3440 1262 3515 aliud
1309 3443 1362 3517 fi
1410 3439 1593 3535 quid
1634 3436 2001 3537 Mulciber.
2046 3438 2219 3512 artis
2262 3437 2513 3514 habet:

772 3573 969 3649 Dum
1018 3568 1188 3643 mihi
1244 3568 1327 3641 fit
1372 3565 1691 3661 pulchris
1739 3561 2122 3657 decerpere
2171 3564 2426 3661 gaudia
2467 3566 2798 3647 membris
2827 3621 2856 3665 ,

869 3696 1339 3789 Fundereque
1388 3692 1748 3795 amplexus
1794 3689 1871 3765 in
1917 3704 2041 3763 tua
2087 3690 2274 3763 colla
2316 3711 2541 3769 meos.

772 3822 1017 3901 Incola
1065 3834 1279 3909 tunc,
1329 3816 1591 3911 hospes
1611 3867 1639 3907 ,
1690 3815 1910 3908 civis,
1959 3816 2375 3913 rigidusque
2425 3818 2750 3899 sacerdos

876 3946 987 4022 Ut
1034 3966 1145 4019 me
1192 3942 1682 4037 conspiciant,
1732 3932 1921 4019 ustor
1972 3939 2048 4015 δι
2095 3941 2243 4039 ipsa
2271 3990 2304 4035 ,
2356 3944 2597 4023 velim.

1471 4260 1651 4341 LV.
1744 4262 2431 4362 EJusnnM.

775 4551 893 4629 Ex
930 4570 1075 4647 quo
1126 4553 1334 4649 (nam
1374 4550 1707 4649 memini)
1746 4552 2043 4630 consors
2088 4555 2385 4653 vinique
2426 4557 2716 4657 Jocique
2799 4579 2808 4589 ’·

871 4677 1217 4773 Imposuit
1270 4676 1607 4755 Chariclo
1658 4680 1834 4754 clam
1879 4682 2002 4757 sna
2050 4664 2228 4755 sert‘a
2278 4683 2492 4776 mihi,

774 4803 952 4902 Igne
1003 4823 1277 4899 cremor
1324 4821 1561 4886 totus=
1616 4806 1817 4883 sertis
1860 4807 1941 4883 ni
1988 4807 2201 4883 fallor
2244 4809 2320 4886 in
2366 4810 2508 4889 illis
2535 4862 2565 4905 ,

877 4927 1069 5003 Illud
1115 4952 1259 5029 quo
1306 4932 1520 5031 periit
1564 4932 1839 5031 Glauca
1890 4932 2233 5017 Creontis
2280 4952 2457 5016 erat.

689 5054 934 5135 Tou.
979 5056 1114 5134 111.
1357 5053 1363 5060 ·
1922 5058 2123 5169 ‚Da
2409 5046 2412 5051 ’
3053 5068 3293 5163 LVI,
