4775 6000
2328 501 2384 613 (-
2490 523 2693 590 vm
2796 496 2856 610 >

1223 743 1581 826 habitum
1609 733 2000 858 descripsit
2025 733 2220 818 libri
2250 730 2625 844 rariffimi
2644 798 2671 836 ‚
2727 715 3175 841 vulgo'dibl‘i
3214 730 3627 852 omnium
3658 725 3969 832 Hora..

1227 897 1448 967 rum
1484 866 1856 995 obsonia
1875 897 1915 980 ‚⁸
1972 871 2098 952 hic
2128 867 2482 969 libellus,
2510 870 2609 950 ab
2648 864 3124 977 Hieronymo
3160 869 3550 978 Megistero
3596 874 3685 956 in
3722 875 3970 960 lucem

1231 1003 1535 1103 editus,
1623 1000 1913 1082 duobus
1971 989 2260 1100 constat
2317 989 2883 1096 voluminibus,
2968 991 3060 1076 ἐξ
3115 1019 3487 1102 magnum
3556 1024 3969 1080 numerum

1229 1115 1460 1196 habet
1537 1109 2237 1220 Epigrammatum
2278 1166 2301 1206 ,
2408 1101 2733 1186 Latinis
2788 1104 3132 1213 verfibus
3222 1105 3473 1214 semel
3540 1126 3775 1216 atque
3831 1112 3975 1193 ite-

1229 1251 1410 1308 rum
1473 1249 1524 1306 a
1564 1217 2052 1332 peritiffimis
2107 1213 2304 1299 viris
2360 1215 2877 1297 redditorum.
2992 1215 3187 1324 Jam
3244 1219 3539 1302 dudum
3594 1225 3815 1329 apud
3849 1249 3969 1304 me

1233 1333 1334 1441 est
1355 1399 1380 1435 ‚
1439 1333 1532 1420 ἐξ
1588 1361 1683 1416 ne
1742 1333 1856 1414 ad
1910 1331 2001 1412 id
2023 1323 2515 1438 ‚obstupesZ-at
2576 1327 2700 1411 vir
2751 1329 3114 1411 eruditus
3136 1394 3162 1431 ,
3207 1328 3508 1434 sincere
3542 1331 3963 1436 affirmare

1213 1466 1320 1560 po
1311 1445 1516 1558 ffum
1539 1511 1566 1553 ,
1609 1471 1862 1528 meum
1883 1438 2314 1550 exemplum
2335 1501 2363 1544 ,1
2383 1439 2595 1546 quod
2606 1463 2649 1521 e
2666 1437 3153 1524 Bibliotheca
3174 1441 3788 1530 Burmanniana
3808 1445 3861 1549 (
3874 1445 3965 1556 1)

1209 1561 1398 1664 jam
1453 1577 1639 1642 ante
1699 1555 1998 1661 viginti
2037 1556 2217 1662 fere
2251 1576 2499 1634 annos
2536 1553 2651 1633 ad
2685 1577 2805 1634 me
2816 1555 3234 1661 pervenit,
3274 1555 3520 1664 plane
3560 1560 3967 1642 convenire

1233 1697 1408 1754 cum
1487 1695 1578 1752 ea
1637 1666 2152 1776 descriptione
2191 1726 2216 1764 ,
2276 1667 2473 1771 quae
2532 1663 2617 1744 in
2679 1659 2844 1769 istis
2886 1664 3207 1747 Diariis
3259 1685 3647 1750 accurata
3702 1674 3966 1752 admo-

1232 1786 1420 1868 dum
1445 1846 1472 1884 ,
1511 1779 1666 1888 sed
1701 1779 1914 1888 satis
1976 1773 2240 1886 ampla
2321 1775 2699 1859 occurrit.
2813 1773 3053 1886 Quid
3102 1803 3274 1860 vero
3310 1779 3399 1860 in
3444 1777 3605 1884 istis
3645 1782 3767 1863 ita
3806 1783 3968 1864 dic-

1232 1899 1340 1979 t'is
1385 1892 1716 2002 obfhniis
1741 1893 1983 1974 bonae
2022 1887 2301 1997 frugis
2335 1885 2477 1994 stt,
2524 1885 2600 1994 si
2619 1905 3173 2017 comparentur
3208 1915 3383 1972 cum
3399 1890 3654 1999 ficavi
3700 1919 3849 1976 imo
3874 1889 3967 1976 ὅθ’

1213 2007 1450 2120 pleno
1513 2007 1743 2090 Hus
1764 2027 2005 2114 oqN1s
2079 1999 2471 2084 GRoTn
2536 2002 2928 2096 convivio,
2986 2001 3053 2080 ii
3105 2002 3413 2077 demum
3472 2005 3637 2079 inte
3668 2005 3966 2104 ligent,

1234 2119 1372 2228 qui
1428 2143 1600 2201 cum
1682 2112 2032 2194 Henrico
2093 2109 2479 2219 Stephano
2534 2121 2775 2186 antea
2832 2104 3181 2188 viderint
3200 2167 3227 2208 ,
3286 2131 3522 2213 quam
3558 2110 3965 2208 inornate,

1233 2255 1467 2452 qnffim
1488 2225 1876 2358 'imperite
1895 2285 1921 2326 ,
1979 2243 2214 2330 quam
2255 2213 2683 2324 infideliter
2742 2214 3103 2302 nonnulli
3132 2217 3223 2302 in
3261 2218 3855 2329 interpetrando
3878 2224 3975 2334 se
4033 2245 4043 2254 ·

1227 2371 1325 2452 ge
1384 2357 1620 2446 erint.
1841 2387 1846 2392 ·
3616 2369 3625 2376 ·

1352 2453 1601 2567 Quod
1635 2475 1731 2534 nc
1756 2466 2040 2533 temere
2061 2471 2235 2555 quis
2275 2445 2559 2529 dibium
2590 2437 3020 2550 existimet,
3076 2443 3227 2524 duo
3271 2457 3583 2524 tantum
3604 2503 3630 2544 ‚
3670 2471 3768 2530 ne
3802 2444 3975 2531 diu-

1227 2567 1397 2656 tius
1439 2568 1525 2650 in
1545 2566 1669 2648 his
1693 2566 2001 2662 morer,
2059 2555 2394 2666 afferam
2425 2555 2778 2665 exempla
2797 2617 2823 2658 ,
2880 2579 3209 2662 quorum
3250 2578 3495 2638 unum
3539 2557 3657 2640 ad
3680 2557 3982 2666 elegan-

1237 2682 1432 2765 tiam
1449 2741 1475 2782 ‚
1543 2674 1888 2759 alterum
1937 2675 2048 2756 ad
2066 2668 2601 2778 sinceritatem
2644 2666 2999 2774 versionis
3019 2663 3103 2774 s
3123 2672 3342 2752 citat.

1349 2787 1719 2874 Primum
1801 2809 2016 2867 exem
2071 2781 2234 2864 lum
2310 2775 2411 2885 est
2484 2775 2697 2884 istius
2753 2775 2984 2887 ipsius
3038 2804 3046 2811 ·
3146 2777 3429 2888 egisti-i
3468 2843 3495 2881 ,
3572 2807 3743 2880 non⁸
3782 2781 3979 2866 mali

1215 2903 1422 3019 fane
1521 2906 1784 2999 oe'tae‚
1839 2919 1973 2979 ver
1999 2919 2067 2975 to
2133 2889 2439 2976 Latina
2503 2887 3143 3001 Epigrammatis
3209 2917 3289 2996 4.
3354 2891 3527 2975 Lib.
3604 2919 3669 2976 1.
3740 2915 3792 2976 t.
3842 2897 3975 3001 38.

1227 3018 1379 3103 ubi
1420 2919 1775 3119 fingitur
1826 3001 2294 3089 Mercurius
2347 3003 2762 3108 indignari
2802 3002 3310 3087 voracitatem
3356 3000 3731 3089 Herculis
3752 3068 3776 3108 ‚
3802 3098 3817 3108 ,
3840 3008 3979 3113 qui

1222 3128 1490 3237 secum
1532 3119 1771 3230 simul
1825 3120 1912 3202 in
1973 3124 2098 3203 via
2146 3114 2442 3227 pofitus
2498 3115 2793 3226 optima
2848 3136 3193 3222 quaeque
3246 3116 3495 3222 dona,
3553 3117 3656 3201 ab
3710 3120 3981 3201 ambu-

1229 3237 1593 3329 lantibus
1625 3232 1944 3347 utrique
1991 3228 2293 3332 oblata,
2335 3226 2561 3339 solus
2597 3224 2982 3344 auferret.

1699 3442 2632 3545 HIERONYMUS
2710 3402 3531 3531 MEG1sERUS.
3710 3454 3715 3461 ·
3962 3464 3995 3501 κ

1361 3682 1574 3770 Hac'
1597 3676 1734 3787 qui
1792 3668 2215 3759 transitis:
2253 3666 2401 3775 fi’u
2458 3667 2994 3774 commigratis
3051 3667 3137 3751 in
3193 3670 3466 3753 urbem
3492 3732 3519 3774 ,

1479 3790 1576 3875 In
1630 3788 1938 3874 virides
1994 3805 2229 3891 agros
2271 3778 2437 3889 sive-
2494 3780 2775 3865 tenetis
2832 3781 2991 3866 iter
3009 3806 3039 3861 .·

1366 3906 1542 3989 Nos
1599 3905 1744 3985 duo
1802 3898 1940 4007 qui
1978 3890 2238 4004 fausto
2296 3893 3032 3976 tutamur²numine
3068 3888 3325 4000 fines,

1487 4014 1596 4097 Ut
1633 4026 1819 4122 pote
1873 4007 2000 4090 hic
2056 4004 2377 4089 Alcides
2396 4068 2421 4109 ,
2474 4020 2712 4109 atque
2766 4028 2897 4109 ego
2954 4000 3422 4088 Mrem-ius
3442 4066 3474 4106 ,

1375 4124 1612 4232 Erga
1666 4122 2005 4207 homines
2044 4116 2353 4231 placidi
2385 4180 2411 4219 ,
2468 4112 2585 4219 ast
2634 4115 2927 4200 animis
2983 4112 3462 4221 discordibus
3514 4117 3731 4211 inter

1485 4238 1654 4321 Nos
1690 4236 1967 4345 fiemus
1992 4259 2022 4315 .·
2073 4226 2203 4337 iste
2259 4229 2543 4312 etenim
2582 4227 2991 4338 praeripit
3042 4241 3275 4335 atque
3326 4248 3612 4336 vorat,

1373 4352 1471 4435 Si
1529 4350 1723 4432 mihi
1779 4350 2092 4450 devotus
2129 4358 2343 4451 pyra
2361 4402 2388 4441 ,
2446 4339 2567 4425 vel
2614 4340 2809 4423 dono
2868 4339 3145 4449 offerat
3200 4364 3426 4423 uvam

1491 4461 1910 4547 Maturam
1931 4518 1961 4561 ,
2015 4472 2252 4565 atque
2275 4454 2543 4554 ‚etiam
2583 4452 2663 4559 fi
2690 4448 2797 4561 fit
2850 4450 3137 4536 acerba
3189 4454 3404 4537 data.

3847 4568 3994 4677 Est

1357 4805 1512 4890 (ι)
1555 4795 1625 4867 in
1667 4792 1982 4878 catalogo
2014 4806 2204 4880 1779.
2239 4808 2387 4875 pag.
2434 4785 2553 4860 188
2620 4784 2753 4857 No,
2802 4802 2986 4875 1¹49·
3064 4784 3183 4857 sub
3234 4787 3361 4853 hoc
3401 4767 3614 4856 titulo:
3660 4786 3977 4859 Antholo·

1311 4889 1370 4955 ia
1419 4887 1797 4971 Epigramm.
1852 4878 2246 4950 Graecorum
2312 4891 2460 4944 cum
2524 4874 2716 4941 latina
2774 4868 3169 4967 diversorum
3217 4870 3481 4957 interpr.
3540 4867 3659 4939 Gr.
3717 4884 3783 4940 et
3836 4872 3985 4943 Lat.

1314 4984 1484 5041 tanc.
1538 4967 1726 5053 1614.
