4775 6000
1059 519 1960 624 MAN'rlseA
2063 521 2906 610 SECUNDA.

835 751 1120 850 Quem,
1169 745 1456 846 quoties
1506 745 1733 820 caluit
1773 745 1946 822 ferri
1999 761 2352 828 certamen
2383 804 2413 844 ‚
2464 754 2821 834 Homerus

876 874 892 886 “
923 877 1009 950 In
1060 874 1352 950 ducibus
1399 873 1668 949 Danais
1717 874 2076 948 eminuiffe
2129 875 2372 953 refert.

825 1001 1000 1076 Non
1051 1001 1270 1094 igitur
1321 1021 1512 1076 nova
1559 1021 1722 1088 res,
1779 1001 1979 1094 quod
2027 1020 2288 1076 nomen
2339 1005 2613 1082 habetis
2666 1010 3043 1106 Athenae,

936 1126 1102 1202 Sive
1152 1126 1365 1202 animi
1411 1123 1766 1216 MavorS,
1819 1127 1943 1200 seu
1997 1127 2197 1202 fimul
2242 1129 2413 1204 artis
2463 1148 2655 1231 eget.

1255 1349 1291 1422 Ι
1315 1348 1414 1425 V.
1469 1345 1669 1443 Apud
1716 1343 2105 1444 Aeschinem
2151 1349 2445 1424 oratione
2503 1357 2750 1437 eadem.

834 1571 1184 1668 Cecropis
1229 1571 1562 1670 antiquus
1611 1571 1981 1667 populus,
2029 1570 2320 1646 virtutis
2369 1569 2649 1652 honore

919 1701 1263 1771 Munerat
1304 1696 1440 1772 hos
1468 1748 1497 1786 ‚
1545 1695 1743 1792 leges
1795 1685 1925 1792 qui
1972 1696 2118 1771 fine
2163 1716 2366 1771 more
2415 1695 2613 1774 datas

823 1823 1204 1900 Laudanda
1253 1827 1514 1916 rupere
1551 1803 1823 1912 manu,
1875 1820 2210 1916 vitaeque
2259 1823 2603 1918 periclum

909 1949 1090 2026 Non
1137 1965 1507 2036 metuere,
1553 1965 1789 2021 novos
1839 1965 1931 2020 ne
1980 1959 2401 2040 paterentur
2446 1947 2689 2029 heros.

1055 2175 1155 2253 V.
1208 2172 1410 2270 Apud
1458 2163 1950 2264 Demosthenem
1997 2170 2068 2242 in
2125 2168 2447 2245 Oratione
2490 2189 2609 2269 pro
2662 2173 2934 2258 Corona.
3039 2152 3044 2158 ἡ

826 2397 927 2475 Hi
978 2397 1142 2471 sunt
1188 2415 1325 2488 pro
1374 2392 1600 2486 patria
1646 2390 1776 2487 qui
1817 2387 2105 2466 fortiter
2150 2408 2340 2482 arma
2390 2393 2752 2486 tulerunt,

859 2587 864 2592 .
914 2521 1228 2596 Hostiles
1275 2517 1572 2594 credunt
1619 2519 1790 2592 dum
1839 2516 2018 2592 nihil
2061 2519 2202 2593 effe
2251 2519 2504 2597 minas-

823 2647 1179 2723 Vicerunt
1225 2646 1492 2718 virtute
1541 2659 1858 2734 metum,
1909 2642 2186 2738 sperata
2231 2665 2367 2720 nec
2418 2647 2561 2722 illis

921 2773 1145 2861 Vita,
1193 2769 1314 2844 sed
1365 2791 1458 2843 ex
1507 2769 1655 2861 ipsa
1705 2771 2013 2865 praemia
2055 2785 2289 2846 morte
2334 2785 2624 2865 petunt.

821 2901 1096 2976 Tantus
1141 2916 1338 2972 amor
1389 2895 1684 2991 Grajom
1711 2947 1738 2986 ‚
1788 2915 1879 2972 ne
1925 2915 2102 2992 gens
2151 2908 2265 2969 tot
2309 2895 2533 2969 libera
2580 2895 2783 2977 seclis

925 3025 1224 3104 Subdita
1268 3024 1403 3118 jam
1453 3023 1646 3097 collo
1695 3022 1918 3098 ferret
1963 3020 2187 3097 herile
2242 3023 2518 3120 jugum.

820 3152 1070 3249 Sopiat
1112 3150 1401 3225 illorum
1451 3150 1614 3247 post
1657 3152 1927 3225 multos
1973 3164 2162 3226 terra
2209 3150 2493 3227 labores

912 3280 1281 3374 Corpora:
1330 3295 1634 3373 namque
1681 3275 1821 3349 hoc
1877 3274 1978 3351 est
2028 3279 2116 3353 ab
2162 3276 2354 3375 Jove
2400 3276 2511 3375 jus
2562 3278 2955 3369 hominum.

815 3403 1174 3483 Effectum
1221 3401 1388 3475 dare
1432 3398 1784 3497 quidquid
1833 3418 2054 3499 agas,
2099 3420 2330 3476 errare
2381 3420 2518 3479 nec
2572 3424 2936 3506 unquam,

924 3526 1374 3607 Coelicolum
1426 3525 1574 3602 est:
1626 3526 1854 3602 fatum
1905 3546 2054 3602 non
2103 3526 2310 3602 datur
2360 3528 2701 3628 effugere.

1221 3752 1371 3829 VI.
1440 3746 1838 3851 Inscripeum
1880 3746 2142 3849 statuae
2191 3752 2711 3858 Epaminondae.

809 3974 1142 4053 Confiliis
1192 3974 1449 4051 nostris
1489 3976 1638 4051 laus
1685 3976 1788 4049 est
1840 3979 2117 4054 attonsa
2171 3976 2541 4057 Laconum
2560 4029 2592 4074 ,

910 4102 1230 4178 Messene
1277 4101 1588 4178 sobolem
1635 4116 1962 4199 tempore
2008 4102 2164 4181 fota
2211 4104 2433 4183 dabit.
2532 4202 2549 4210 ·

814 4229 1012 4307 Urbs
1064 4230 1251 4303 sacra
1299 4226 1712 4305 Thebarum
1765 4228 2008 4323 spoliis
2059 4228 2368 4308 exsultat
2416 4232 2720 4329 opimis:

907 4354 1211 4435 Dicitur-a
1265 4356 1368 4432 est
1428 4356 1606 4451 juris
1657 4356 1960 4433 Graecia
2007 4372 2170 4434 tota
2222 4356 2356 4435 sui.

1170 4582 1246 4659 V
1263 4580 1297 4657 1
1315 4580 1376 4659 Ι.
1443 4578 1581 4655 Sub
1607 4578 1846 4683 statua
1891 4582 2405 4681 Philopoemenis
2458 4580 2531 4659 T
2518 4607 2743 4683 egeae.

811 4806 955 4883 Hic
1005 4804 1106 4879 est
1155 4806 1359 4902 cuius
1405 4825 1587 4885 amat
1636 4810 1962 4889 virtutem
2020 4807 2372 4900 Graecia,
2420 4809 2641 4887 multa

907 4930 1132 5029 Cujus
1178 4935 1476 5013 confilio
1501 4987 1532 5030 ,
1581 4938 1803 5015 multa
1847 4936 2136 5037 peraeta
2179 4954 2426 5015 manu:

1895 5067 2028 5146 Rr
2077 5090 2128 5145 2

3208 559 3367 642 315

3188 5074 3327 5150 Ar-
