4775 6000
2538 196 2603 287 s

1315 515 1818 597 Lrsszn
1923 515 2733 617 QurNTth.

793 737 1144 838 Effigies
1187 740 1494 818 moestos
1537 741 1716 816 fecit
1763 747 2016 820 ceffare
2063 743 2403 818 furores·

845 867 1002 940 Stas
1051 852 1366 942 miserum
1417 870 1708 962 plorans
1753 869 1896 944 heu
1943 889 2139 944 nunc
2185 888 2493 966 quoque.
2548 864 2729 940 Non
2766 863 2896 942 tibi
2938 844 3181 942 Iustus

853 991 1084 1069 Causa
1128 993 1366 1088 jacens
1419 994 1739 1086 Hector,
1795 1008 2142 1094 tantoque
2191 997 2437 1072 orbata
2484 991 2736 1067 marito

841 1119 1345 1194 Andromacha
1394 1119 1693 1211 infelix,
1749 1121 1872 1196 sed
1918 1121 2217 1196 Achivis
2264 1120 2550 1218 ignibus
2593 1117 2835 1194 hausta

771 1231 778 1236 ⁴
835 1245 1091 1321 Patria.
1143 1245 1414 1342 quippe
1463 1247 1693 1324 latens
1745 1247 2062 1326 obducto
2111 1249 2423 1348 tegmine
2472 1246 2723 1320 vultus

840 1371 1130 1447 Grande
1177 1375 1436 1446 malum
1486 1372 1856 1469 loquitur,
1911 1391 2402 1472 tormentaque
2452 1372 2657 1448 saeva
2708 1372 2835 1448 sub
2884 1371 3033 1446 alto

781 1497 1075 1600 ‚Corde
1130 1499 1348 1592 pedes
1397 1497 1666 1592 dejesta
1715 1501 1875 1576 fluit
1923 1523 2106 1599 quae
2158 1482 2372 1576 'vestis
2420 1497 2510 1573 ad
2559 1499 2764 1575 imOS.

824 1622 962 1696 Nil
1010 1622 1222 1698 dolor
1270 1623 1435 1714 hic,
1484 1647 1636 1722 quo
1687 1627 1996 1720 crescat,
2045 1628 2306 1722 habet:
2364 1622 2558 1699 cadit
2602 1623 2779 1698 orbe
2846 1643 3203 1722 genarum

826 1747 1270 1840 Lachryma,
1318 1746 1441 1821 sed
1487 1748 1696 1844 cloelia
1748 1747 1984 1828 subito
2034 1754 2362 1827 sorbetur
2408 1755 2497 1826 ab
2546 1767 2746 1843 arte,

825 1871 938 1948 Ut
984 1889 1249 1970 pateat*
1275 1891 1548 1972 quanto
1593 1876 1834 1954 luel-us
1881 1877 2118 1980 gravis
2166 1877 2415 1955 ardeat.
2454 1875 2677 1956 aestu.
2782 1927 2799 1956 .

1267 2247 1293 2262 ,
1427 2170 1502 2244 X
1523 2171 1591 2246 X
1613 2171 1683 2248 X
1703 2171 1736 2245 Ῑ
1756 2167 1872 2247 1-1.
1941 2169 2058 2246 De
2110 2165 2503 2266 Caffandraz

814 2424 1254 2501 Cafl‘andram
1301 2425 1518 2502 video
1566 2445 1847 2506 vatem:
1903 2444 2095 2506 tacet
2143 2444 2359 2530 atque
2410 2428 2726 2508 tacendo

805 2555 1048 2630 Multa
1091 2571 1362 2650 patrem
1412 2555 1654 2666 culpat
1703 2557 2003 2656 sapienti
2047 2561 2260 2656 plena
2303 2557 2606 2649 furore,

809 2678 1012 2776 Quae
1061 2682 1326 2777 patriae
1377 2696 1675 2758 ventura
1725 2685 1937 2781 super
1958 2733 1987 2776 ‚
2035 2681 2364 2782 praesaga
2411 2684 2796 2760 malorum&

1510 2965 2429 3074 x.XXIv.DePyrrho.
2588 2996 2593 3001 ⁵
2737 3064 2743 3073 .

781 3207 975 3303 Ecce
1023 3231 1235 3308 ferox
1287 3230 1607 3327 Pyrrhus
1656 3232 1880 3327 captis
1930 3230 2150 3306 modo
2197 3232 2626 3325 moenibus,
2675 3228 2943 3307 hastam

778 3356 956 3431 Non
1007 3358 1280 3448 vibrat,
1328 3373 1446 3432 aut
1495 3359 1749 3451 pennis
1802 3356 2078 3430 cristata
2126 3354 2374 3447 callide
2424 3356 2684 3450 fulget.

775 3484 1018 3556 Armis
1067 3504 1331 3577 eorpus
1381 3486 1642 3575 habet,
1689 3484 1902 3557 malas
1951 3478 2282 3577 lanugine
2335 3476 2606 3553 nudas.-

777 3610 1304 3707 Adtollensque
1353 3612 1635 3707 (placet
1683 3624 1957 3684 tantum
2007 3600 2350 3699 victotia)
2401 3604 2721 3679 dextram

771 3736 1050 3832 Aspicit
1097 3739 1394 3836 obliquo
1447 3754 1523 3811 te
1549 3789 1594 3828 ,.,
1645 3734 1912 3811 moesta
1961 3733 2330 3825 Polyxena
2360 3784 2409 3825 ,„
2458 3731 2715 3807 vultu..

1457 4030 1530 4106 X
1552 4030 1623 4104 X
1643 4029 1716 4103 X
1741 4026 1835 4104 V.
1900 4024 2013 4098 De
2064 4022 2429 4123 Polyxena

763 4281 966 4379 Qua-e
1010 4283 1296 4359 tandem
1351 4300 1421 4359 te
1472 4288 1727 4381 caula,
1777 4286 2193 4381 Polyxena,
2239 4285 2438 4383 cogit
2487 4284 2561 4358 in
2608 4262 2771 4357 aere

753 4410 875 4483 Sic
925 4414 1220 4506 positam
1270 4413 1652 4507 lachrymis
1708 4434 1948 4489 rorare
1995 4412 2384 4490 latentibus
2431 4428 2555 4486 ora
2583 4409 2621 4483 ‘s’

756 4532 912 4610 Cur
961 4538 1243 4613 obtecta
1289 4561 1507 4635 genas
1555 4542 1664 4615 vis
1715 4542 2060 4617 erubuisse
2111 4540 2395 4615 videri?
2556 4528 2568 4539 ⁵

748 4664 892 4737 Sed
939 4684 1212 4741 moeres
1265 4668 1548 4765 magis,.
1577 4668 1650 4741 ὅτ
1699 4668 1952 4743 condis
2001 4666 2122 4741 sub
2171 4664 2388 4740 corde
2437 4660 2814 4754 d'olorem',

739 4790 1122 4890 Indignaris
1173 4794 1225 4869 fi
1277 4808 1348 4869 te
1401 4793 1668 4886 patriae
1720 4809 1834 4870 tot
1879 4794 2086 4867 causa
2131 4793 2481 4867 malorum

737 4912 1082 4993 Phthiam·
1115 4918 1436 5015 Pyrrhus
1487 4934 1650 5018 agat
1670 4942 1716 4996 z·
1749 4920 1872 4998 sed
1923 4928 2077 5001 non'
2125 4917 2459 4999 crudelia·
2488 4912 2737 5019 quivit

3268 531 3377 600 21

1823 5046 1892 5127 ρ
1943 5070 1989 5147 3
3082 4962 3279 5121 ω.
