4775 6000
1395 555 1902 638 LIBER
2008 555 2823 656 QUINTUS.

923 781 1898 882 Conglomeratqueminas3
1945 781 2264 858 ardentia
2309 782 2577 859 lumina
2626 785 2895 860 circum

911 911 1030 986 En
1081 923 1307 999 rotat,
1359 909 1716 983 incautum
1771 931 1862 983 ne
1909 929 2051 1006 qua
2101 909 2298 983 ferus
2350 909 2705 1004 opprimat
2738 911 2984 994 hostis.

923 1037 1212 1114 Scutum
1260 1036 1461 1115 laeva
1509 1051 1752 1126 tenet,
1800 1033 2248 1133 gladiumque
2293 1034 2577 1110 adtollit
2626 1035 2701 1112 in
2748 1039 2966 1112 altum

911 1163 1238 1253 Dextra,
1287 1184 1417 1257 per
1461 1162 1794 1238 infestum
1842 1181 2104 1255 corpus
2153 1161 2328 1258 quin
2377 1161 2710 1255 protinus
2755 1165 2997 1240 ensem

917 1290 1379 1386 Transigeret
1428 1288 1789 1382 lymphata
1835 1306 2127 1360 manust
2203 1303 2451 1361 natura
2493 1287 2607 1362 sed
2653 1290 2833 1366 aeris

921 1416 1215 1507 Obstat,
1265 1415 1854 1512 magnanimoque
1901 1428 2114 1512 negat
2155 1434 2405 1508 parere
2458 1415 2713 1496 sutori.

1159 1731 1164 1736 ”
1280 1772 1398 1847 11.
1466 1767 1579 1843 De
1628 1764 1954 1866 Aeschine
2005 1767 2287 1844 Oratore
2339 1764 2429 1854 ὅ)
2466 1767 2845 1870 Aristotele.

904 2128 1194 2202 Atticus
1245 2125 1538 2224 eloquio
1586 2125 1889 2200 multum
1941 2127 2249 2201 florente
2302 2129 2623 2202 coruscat

895 2253 1340 2328 Aeschines:
1394 2253 1758 2348 velutique
1810 2252 1978 2338 foro
2025 2269 2327 2328 certaret
2375 2254 2451 2327 in
2500 2254 2661 2350 ipso

895 2379 1254 2477 Impiger,
1305 2377 1614 2452 hirsutos
1667 2377 1994 2451 malarum
2043 2378 2398 2468 contrahit
2449 2382 2692 2456 orbes.

897 2507 1134 2581 Tanta
1177 2505 1279 2580 est
1329 2525 1492 2580 cura
1541 2505 1698 2580 viro
1748 2507 1931 2581 bene
1981 2504 2243 2578 dicere.
2311 2503 2691 2580 Proximus
2733 2503 2843 2580 illi

889 2631 1145 2708 Adstat
1191 2631 1664 2724 Aristoteles,
1710 2631 2104 2726 sapientum
2153 2631 2425 2728 primus
2472 2631 2777 2710 honore.

889 2759 1274 2834 Consertas
1321 2771 1519 2831 tenet
1567 2777 1735 2829 ecce
1783 2777 2028 2832 manus
2055 2811 2082 2850 ,
2111 2781 2269 2833 -nec
2316 2755 2394 2832 in
2446 2777 2607 2832 aere
2653 2759 2971 2855 quietem'

887 2887 1108 2960 Mens
1159 2885 1424 2973 habet3
1472 2881 1546 2956 in
1597 2895 1792 2954 muta
1839 2880 2214 2954 meditatur
2257 2880 2561 2978 imagine
2608 2902 2947 2978 magnum

887 3014 1160 3089 Nescio
1212 2993 1387 3108 q'uid
1416 3034 1442 3082 :
1487 3008 1886 3104 stantesque
1935 3027 2158 3104 genae
2207 3008 2531 3083 nutantia
2574 3007 2899 3103 produnt

887 3138 1262 3226 Pondera‚
1315 3134 1390 3208 δι
1437 3132 1839 3230 ambiguum
1899 3154 2048 3229 quo
2097 3132 2170 3207 se
2221 3132 2569 3211 sententia
2618 3150 2851 3215 vertat
2874 3154 2909 3209 ε.

877 3266 1330 3361 velocesque
1374 3260 1576 3336 oculi
1617 3260 1864 3335 sollers
1911 3259 2259 3336 testantur
2307 3280 2631 3337 acumen.

1593 3616 1762 3694 111.
1829 3612 1938 3689 De
1987 3606 2455 3709 Demqllhene.

869 3940 982 4015 Ex
1037 3937 1443 4015 Paeaniadis
1489 3938 1750 4033 populi
1823 3938 1996 4013 tuba
2047 3938 2270 4038 surgit
2317 3939 2395 4016 in
2446 3938 2711 4032 usum,

817 4120 820 4128 .
871 4068 1020 4165 Qui
1067 4082 1264 4161 pater
1311 4066 1581 4162 eloquii
1627 4086 1788 4142 cum
1839 4064 2188 4158 majestate
2236 4066 2546 4143 sonantis

861 4192 1170 4271 Lumina
1214 4190 1526 4266 suadelae
1575 4194 1823 4267 mediis
1867 4192 2192 4266 accendit
2239 4192 2589 4267 Athenis:

865 4318 1082 4395 Nulla
1129 4318 1333 4415 quies
1369 4316 1655 4405 anim0,
1724 4340 1918 4395 nunc
1963 4320 2107 4393 hue
2160 4339 2356 4394 nunc
2400 4318 2633 4394 versat
2684 4316 2760 4392 dt
2803 4314 2972 4418 illuc

870 4444 1303 4536 Consilium,
1349 4445 1522 4519 tales
1571 4446 1840 4541 agitans
1887 4445 2010 4521 sub
2056 4446 2349 4541 pectore
2397 4433 2655 4535 curtis,

864 4572 1108 4671 Qualis
1158 4584 1352 4660 erat,
1401 4570 1760 4645 Macetum
1809 4592 1972 4647 cum
2017 4592 2164 4647 non
2215 4572 2592 4647 exhorruit
2640 4588 2872 4658 arma,

849 4696 1107 4771 Forsan
1159 4696 1234 4769 δι
1281 4697 1356 4772 In
1408 4716 1627 4771 voces
1676 4697 1904 4772 audax
1953 4711 2446 4792 perrumperet
2495 4695 2626 4787 ira,

848 4822 1441 4919 Exprimeretque
1493 4824 1671 4899 sono
1723 4818 1923 4919 quod
1969 4822 2202 4896 volvit
2251 4820 2517 4913 corde,
2562 4820 2679 4895 sed
2726 4818 2895 4896 artis

853 4948 1165 5045 Imperio
1215 4965 1404 5025 tacet
1451 4970 1619 5044 aes,
1673 4948 1748 5025 Gt
1793 4947 1969 5045 J‘uss'a
2013 4947 2284 5025 filentia
2331 4948 2589 5025 servat.

1921 5076 1996 5151 A
2047 5094 2090 5169 3

3217 5072 3255 5147 1
3280 5070 3377 5155 Va
