4775 6000
2373 527 2431 647 c
2532 559 2645 656 ιν
2750 531 2803 648 >

1223 761 1432 869 quod
1484 773 1746 843 tamen
1797 753 2076 869 nostris
2129 761 2605 869 temporibus
2642 757 3072 869 nonsbmel
3092 757 3395 870 fadum
3438 761 3578 875 effi
3618 784 3790 848 cum
3832 767 3961 850 bo·

1227 874 1356 954 nis
1395 874 1749 956 omnibus
1791 874 2166 978 lugemus.

1349 984 1442 1066 Si
1499 985 1684 1088 jam
1760 986 1924 1067 tale
1979 986 2177 1092 quid
2224 985 2583 1070 accidere
2618 983 2846 1098 poffit
2906 991 3012 1074 iis
3050 1049 3077 1091 ,
3154 990 3293 1098 qui
3358 989 3506 1074 levi
3544 991 3967 1073 admodum

1109 1123 1116 1130 ’
1212 1095 1412 1204 sunt
1487 1097 1796 1202 ingenio
1863 1095 1958 1180 ἐξ
2012 1101 2229 1206 apud
2259 1123 2490 1204 quos,
2554 1114 2644 1181 ut
2678 1101 2800 1183 ait
2837 1099 3249 1185 Terentius
3271 1163 3299 1202 ,
3358 1127 3511 1183 non
3552 1103 3739 1184 bene
3774 1101 3965 1188 vivi-

1231 1225 1376 1291 tur
1395 1270 1421 1312 ,
1483 1233 1637 1291 non
1676 1208 1914 1292 valde
1974 1225 2550 1320 repugnamus:
2604 1227 2694 1294 at
2736 1211 2812 1320 si
2846 1215 3023 1321 quis
3064 1213 3402 1296 ulterius
3423 1215 3811 1322 progredi
3842 1230 3964 1294 at-

1231 1345 1378 1428 que
1442 1321 1536 1402 de
1591 1321 1804 1403 omni
1863 1320 2307 1405 animorum
2377 1323 2907 1428 conjunc‘lione
2962 1327 3166 1408 idem
3192 1321 3442 1431 statui
3451 1322 3659 1434 poffe
3706 1322 3963 1430 existi-

1235 1449 1392 1515 met
1415 1495 1438 1532 ‚
1499 1457 1660 1515 meo
1701 1432 2010 1541 quidem
2042 1435 2352 1539 sudicio
2398 1435 2621 1544 longe
2658 1461 2711 1519 a
2746 1439 3094 1520 veritate
3136 1440 3485 1521 aberrat.
3973 1439 3981 1446 ’

1345 1543 1488 1628 Vbs
1508 1607 1534 1649 ‚
1595 1545 1837 1628 amici
1857 1610 1880 1650 ,
1942 1572 2066 1630 vos
2121 1565 2220 1657 ap
2273 1547 2414 1632 ello
2437 1612 2464 1652 ‚
2492 1549 2658 1655 ,qui
2698 1551 2783 1632 in
2824 1547 3082 1656 nostra
3106 1551 3392 1660 patria
3433 1549 3665 1632 rebus
3694 1575 3970 1656 geren·

1233 1656 1358 1738 dis
1435 1683 1590 1738 non
1649 1656 1909 1767 solum
1957 1563 2291 1768 affuisti}
2323 1725 2346 1765 ,
2442 1687 2723 1745 verum
2788 1663 3027 1746 etiam
3088 1658 3551 1772 praefuistis
3582 1725 3607 1764 ‚
3674 1661 3748 1769 si
3780 1662 3963 1765 jam

1233 1767 1444 1850 alias
1487 1784 1770 1878 partes
1797 1831 1822 1868 ‚
1885 1795 2120 1878 quam
2183 1798 2313 1878 ego
2339 1833 2364 1873 ‚
2423 1775 2510 1855 in
2572 1773 2975 1884 republica
3002 1773 3264 1882 secuti
3303 1771 3548 1882 effetis
3571 1835 3596 1876 ,
3657 1799 3852 1868 num,
3886 1797 3969 1854 eo

1233 1880 1596 1964 amicitia
1650 1877 1908 1987 nostra
1973 1884 2413 1967 mt’noribus
2459 1882 2857 1992 frudibus
2912 1885 3405 1996 redundaffet
3441 1886 3488 1966 ,9
3560 1911 3717 1968 non
3778 1879 3987 1966 mul-'

1233 2006 1400 2072 tum
1453 1990 1738 2102 sapere
1798 1993 2256 2099 videamur3
2293 1996 2449 2104 sed
2511 1998 2719 2082 illud
2753 1997 3039 2108 saltem
3082 1996 3362 2102 nostris
3390 1995 3678 2097 studiis
3724 1995 3815 2080 ἐξ
3863 1995 3973 2076 νὶ-

1227 2099 1448 2206 giliis
1492 2103 1876 2208 consecuti
1903 2105 2184 2207 fitmus
2207 2163 2232 2205 ‚
2292 2118 2382 2184 ut
2424 2109 2609 2186 bene
2655 2111 3187 2205 intelligamus
3214 2161 3239 2201 ,
3305 2111 3393 2183 in
3440 2095 3662 2183 bellis
3712 2101 3971 2185 civili-

1231 2214 1374 2296 bus
1414 2215 1516 2294 ab
1536 2226 1872 2318 utraque
1894 2228 2140 2321 parte
2161 2276 2188 2316 ‚
2231 2211 2436 2318 sicut
2474 2214 2653 2296 olim
2675 2275 2701 2316 ,
2761 2213 2879 2296 ita
2922 2209 3015 2296 ἐξ
3053 2239 3261 2296 nunc
3280 2275 3307 2315 ,
3346 2236 3581 2320 quam
3626 2216 3971 2297 maxime

1217 2323 1596 2434 peccari,·
1652 2320 1745 2407 δέ)
1768 2348 1939 2406 eum
1977 2323 2236 2432 fidum
2281 2321 2421 2434 effe
2451 2322 2748 2432 sortem
2774 2389 2799 2428 ‚
2858 2325 3237 2433 honestum
3267 2351 3363 2408 ac
3382 2325 3822 2435 sapientem
3863 2327 3972 2411 νὶ-

1233 2461 1416 2518 rum
1438 2498 1463 2537 ,
1511 2435 1647 2543 qui
1669 2433 2095 2545 diffociatos
2135 2436 2419 2521 ciuium
2448 2437 2753 2522 animos
2791 2437 3109 2545 rurfitm
3151 2439 3615 2544 conjungere
3636 2501 3661 2540 ,
3722 2435 3816 2520 &⁹
3855 2464 3973 2522 νε-

1236 2547 1484 2630 terem
1511 2548 2166 2658 tranquillitatem
2192 2572 2288 2633 ac
2314 2549 2843 2658 securitatem
2879 2549 3353 2659 reipublicae
3374 2550 3698 2631 reddere
3722 2546 3966 2658 poffl't.

1239 2657 1527 2770 ,Quare
1575 2664 1763 2744 haec
1819 2679 2248 2773 temporum
2302 2661 2727 2748 intervalla
2776 2679 2918 2745 aut
2948 2663 3317 2770 partium
3334 2657 3601 2766 studia
3635 2680 3779 2744 aut
3796 2659 3973 2768 for·

1237 2788 1480 2854 tunae
1521 2771 1872 2858 ludibria
1897 2799 2136 2884 aeque
2165 2775 2427 2869 minus
2462 2774 2846 2864 ,valebant
2898 2777 3012 2856 ad
3060 2789 3415 2854 mutuam
3463 2768 3799 2878 nostram
3842 2799 3977 2856 vo-

1237 2880 1618 2968 luntatem
1661 2886 2052 2969 interrum
2107 2887 2386 2968 endam
2400 2925 2432 2989 ·,
2472 2909 2568 2967 ne
2606 2885 2866 2968 dicam
2887 2948 2913 2988 ,
2970 2884 3390 2967 tollendam
3408 2947 3435 2989 ‚
3470 2905 3703 2989 quam
3729 2882 3974 2990 fiquis

1237 2991 1580 3097 nostrum
1625 2998 1868 3081 aliam
1906 3025 2006 3083 ve
2067 3024 2184 3081 em
2221 2998 2635 3103 indueret,
2682 3014 2827 3080 aut
2860 2995 3015 3081 alio
3059 2998 3223 3080 cibi
3270 3015 3415 3081 aut
3444 2995 3795 3106 potionis
3844 3020 3975 3102 ge-

1239 3132 1426 3190 nere
1484 3130 1718 3218 quam
1777 3128 2014 3194 antea
2051 3108 2588 3199 deleffaretur.

1351 3217 1449 3301 In
1507 3245 1680 3305 eam
1722 3222 1978 3327 igitur
2017 3222 2563 3330 cogitationem
2609 3222 2851 3328 veni,
2908 3240 3003 3307 ut
3062 3216 3320 3327 nostra
3355 3222 3723 3305 amicitia
3742 3284 3765 3324 ,
3796 3222 3975 3327 jam

1222 3347 1380 3441 per
1436 3332 1782 3441 triginta
1820 3330 2002 3443 fere
2043 3359 2289 3419 annos
2325 3360 2484 3420 non
2530 3335 2711 3419 ullis
2771 3352 3043 3409 rerum
3106 3323 3745 3433 viciffltudinibus
3766 3390 3791 3430 ‚
3850 3357 3979 3413 ne·

1239 3465 1386 3550 que
1436 3460 1862 3551 temporum
1900 3450 2340 3523 rationibus
2379 3441 2753 3539 obnoxia,
2815 3464 2969 3522 non
3010 3437 3197 3523 ullis
3229 3442 3641 3524 commodis
3679 3459 3821 3523 aut
3858 3444 3985 3525 in·

1242 3556 1654 3638 commodis
1727 3573 1780 3633 a
1818 3548 1964 3660 silo
2003 3552 2276 3661 primo
2317 3548 2731 3659 splendore
2768 3552 3189 3659 quidquam
3236 3552 3659 3635 immutata
3679 3617 3704 3656 ‚
3760 3553 3979 3660 longe
4040 3628 4077 3639 -

1243 3666 1430 3750 aliis
1467 3662 1560 3749 &⁹
1603 3658 2138 3769 firmioribus,
2195 3684 2434 3770 quam
2498 3686 2695 3770 quae
2744 3664 3016 3747 Cicero
3053 3665 3685 3748 commemoravit
3703 3728 3730 3768 ‚
3790 3668 3986 3749 nite-

1243 3792 1474 3861 retur
1539 3772 2111 3884 fundamentis.
2241 3771 2479 3885 Qua‘e
2534 3777 2725 3859 dum
2776 3798 3059 3883 quaero
3097 3834 3124 3876 ,
3186 3772 3461 3881 statim
3524 3774 3733 3859 ultro
3792 3777 3987 3861 mihi

1247 3887 1595 3973 occurrit
1644 3890 2026 3994 quaedam
2073 3884 2466 3997 persuasio
2520 3902 2665 3971 aut
2704 3888 2975 3996 potius
3040 3902 3259 3970 certa
3320 3887 3573 3995 opinio
3588 3950 3615 3992 ‚
3674 3888 3884 3971 nihil
3932 3911 3986 3971 a

1249 4001 1471 4086 nobis
1521 3998 1860 4083 invicem
1915 3997 2065 4107 nisi
2119 4000 2222 4080 ab
2275 4000 2557 4107 optimo
2610 3999 2869 4085 animo
2890 3996 3100 4110 poffe
3126 3993 3565 4109 proficifci3
3622 4004 3808 4084 adeo
3848 4016 3981 4102 ut,

1201 4138 1212 4151 ·
1236 4112 1312 4221 fi
1355 4112 1776 4220 quidquam
1826 4113 2002 4197 vitii
2065 4128 2209 4193 aut
2268 4109 2474 4194 labis
2517 4112 2702 4215 jam
2754 4136 3144 4217 emergere
3190 4112 3606 4193 videretur
3650 4172 3679 4213 ,
3763 4112 3985 4217 cujus

1251 4248 1470 4307 nemo
1527 4226 1900 4309 immunis
1951 4219 2050 4330 est
2071 4288 2096 4327 ‚
2139 4224 2513 4333 protinus
2568 4226 2685 4308 ad
2740 4222 2947 4307 illud
2988 4225 3323 4327 ejusdem
3382 4224 3781 4307 Ciceronis
3814 4249 3989 4305 con·

1240 4335 1698 4447 fugeremus
1735 4351 2242 4446 praeceptum
2261 4396 2286 4438 ‚
2313 4336 2467 4447 (†)
2521 4358 2668 4441 quo
2710 4351 2990 4434 monet,
3034 4361 3189 4419 non
3206 4335 3389 4419 vivi
3428 4362 3603 4418 cum
3620 4331 3985 4444 perfidis

1256 4447 1692 4531 hominibus
1729 4448 2104 4558 pleneque
2115 4446 2220 4554 sa
2271 4448 2657 4550 ientibus‚
2692 4445 2848 4554 sed
2878 4472 3052 4529 cum
3096 4447 3199 4530 iis
3217 4511 3243 4549 ‚
3304 4448 3393 4529 in
3442 4448 3724 4553 quibus
3746 4464 3991 4557 prae-

1257 4559 1471 4644 clare
1513 4558 1790 4665 agitur
1812 4624 1835 4664 ,
1879 4559 2160 4669 fifimt
2205 4557 2593 4642 imulacra
2618 4559 2963 4643 virtutis.
3075 4556 3323 4670 Quae·
3340 4560 3647 4664 quidem
3682 4559 3931 4668 opinio
3952 4618 3982 4663 ‚

1243 4673 1523 4785 prima
1586 4672 1780 4753 hora
1834 4674 2270 4755 contractae
2319 4668 2622 4776 nostrae
2684 4667 3257 4779 consuetudinis
3294 4671 3657 4781 suscepta
3673 4734 3699 4775 ,
3757 4671 3979 4775 longo

1261 4808 1530 4865 rerum
1569 4779 1710 4887 usu
1750 4780 2212 4888 confirmata
2232 4846 2258 4888 ‚
2317 4785 2539 4867 hodie
2578 4802 2743 4867 tam
2782 4783 2993 4867 altas.
3025 4786 3240 4893 apud
3272 4810 3408 4870 nos
3440 4786 3599 4891 egit
3632 4784 3977 4884 radices,

1259 4910 1353 4979 ut
1381 4895 1713 5004 quiquid
1743 4898 2164 5001 acciderit,
2221 4896 2427 4979 nihil
2448 4896 2643 4981 mali
2672 4897 2855 4981 hinc
2897 4897 3322 4981 timendum
3342 4897 3475 5008 [it.
3840 5000 3921 5085 T

3902 5028 3983 5083 ο..

1223 5100 1232 5119 '
1365 5114 1504 5207 (ῒ)
1548 5114 1652 5188 De
1678 5114 1908 5186 officiis
1949 5111 2130 5185 Libr.
2179 5138 2238 5186 ι.
2282 5130 2423 5201 cap.
2473 5130 2576 5189 12
