4775 6000
1224 485 2720 592 LIBERSEPTJMU&

1248 807 1581 887 XXIX.
1656 807 1983 886 PAum
2044 801 2365 886 'Satn
2393 832 2756 890 nanu.

833 1102 1187 1200 Ingressus
1238 1099 1525 1175 Danaes
1574 1115 1804 1173 aerata
1854 1097 2109 1204 cubilia
2140 1151 2167 1190 ‚
2217 1099 2494 1176 clausae
2629 1096 2639 1104 “

928 1230 1266 1328 Juppiter
1320 1225 1601 1318 effregit
1649 1225 1883 1298 vincla
1935 1225 2345 1318 pudicitiae.

835 1355 1102 1428 Fabula
1152 1374 1299 1428 non
1352 1352 1645 1426 dubium
1692 1350 1795 1423 est
1844 1351 1969 1424 fibi
2016 1349 2185 1444 quid
2236 1351 2462 1425 velit:
2513 1371 2716 1428 aerea
2764 1353 2951 1429 ttha

925 1480 1402 1572 Omnipotens
1450 1493 1685 1548 aurum
1740 1474 2118 1567 vinclaque
2172 1474 2430 1548 eune'ta
2475 1477 2742 1555 domat.

823 1609 1027 1680 Auro
1078 1601 1367 1676 claustra
1420 1615 1713 1694 patent,
1754 1615 2005 1672 aurum
2054 1597 2258 1672 frena
2306 1602 2605 1676 abnuitz
2655 1624 2836 1678 auro

905 1727 1251 1802 Flestitur
1308 1725 1381 1798 δι
1430 1723 1643 1820 prisci
1690 1725 1739 1798 fi
1790 1743 1925 1820 qua
1978 1724 2336 1818 supercilii
2386 1725 2516 1801 est.

816 1854 1112 1930 Vicerat
1162 1853 1301 1925 hoc
1352 1851 1675 1925 Danaen.
1730 1849 1881 1926 auri
1931 1850 2043 1921 cui
2096 1849 2303 1945 copia
2350 1849 2566 1926 dandi
2611 1851 2760 1945 est,

914 1981 1045 2055 Nil
1098 2001 1280 2075 opus
1327 1975 1431 2049 est
1478 1973 1787 2070 Paphiae
1833 1971 2185 2071 supplicet
2232 1975 2355 2052 ille
2407 1975 2634 2054 Deae.

1186 2264 1473 2344 XXX.
1527 2233 2127 2357 AoAruiAn,
2182 2259 2763 2344 Omma-oms.

808 2556 1141 2650 Antiquo
1194 2552 1568 2634 Polemoni
1586 2606 1611 2642 ,
1657 2553 1833 2658 facit
1880 2570 2094 2650 quem
2142 2551 2351 2632 scena
2403 2553 2791 2634 Menandri

905 2681 1179 2758 Uxoris
1222 2695 1501 2752 teneras
1546 2677 1932 2751 diffecuiss'e
1985 2695 2265 2768 comas,

806 2811 1015 2886 Alter
1064 2805 1252 2879 idem
1299 2803 1472 2876 fecit
1526 2801 1869 2874 Polemon
1891 2851 1918 2890 ,
1971 2799 2460 2897 pulchraeque
2504 2801 2972 2884 Rhodanthes

899 2929 1243 3026 Abripuit
1292 2926 1524 3003 crines
1572 2925 1842 3003 vertice
1894 2924 2098 3000 saeva
2141 2943 2418 3004 manus.

810 3059 1105 3136 Comica
1153 3074 1267 3128 res
1311 3052 1587 3126 fuerat:
1645 3054 1953 3152 tragicos
2006 3052 2487 3163 superaddidit
2529 3056 2734 3133 ausus
2753 3105 2783 3148 ,

894 3184 1293 3259 Femineam
1342 3180 1581 3279 flagris
1628 3199 1791 3255 nam
1842 3180 2050 3257 scidit
2098 3182 2221 3256 ille
2270 3194 2534 3257 cutem.

802 3312 1015 3386 Trux
1062 3305 1364 3383 facinus.
1414 3302 1589 3400 quid
1634 3306 1823 3381 enim
1874 3320 2143 3381 tantum
2186 3318 2611 3401 peccaverat
2639 3304 2820 3403 ma,

762 3448 773 3454 ·
897 3440 1295 3510 Aerumnas
1345 3429 1575 3502 fuerat
1622 3431 1675 3505 fi
1724 3430 2044 3505 min-‚rata
2088 3450 2279 3506 meas
2305 3432 2342 3504 2

800 3564 963 3639 Nos
1008 3575 1297 3656 quoque
1338 3552 1575 3631 divifit
1618 3556 1819 3633 ferus
1864 3557 2031 3649 ille,
2080 3578 2217 3633 nec
2264 3577 2392 3635 ora
2439 3558 2632 3633 tueri

893 3689 1163 3763 Mutua
1207 3684 1389 3757 fert:
1444 3696 1687 3758 tantus
1732 3682 2025 3778 peston
2074 3683 2265 3763 livor
2310 3684 2549 3765 habet.

793 3801 1071 3893 Verum
1120 3810 1223 3885 est
1270 3810 1392 3883 ille
1442 3826 1675 3905 tamen
1722 3809 2191 3887 Misumenos.
2240 3810 2341 3885 ast
2390 3832 2532 3911 ego
2581 3825 2776 3889 certe

889 3939 1254 4035 Dyscolos
1272 3991 1299 4030 ‚
1347 3937 1493 4013 heu
1543 3936 1795 4035 segtex
1835 3956 1877 4011 a
1926 3935 2478 4013 Periciromene.

1404 4225 1743 4308 XXXI.
1845 4223 1913 4300 E
1962 4248 1999 4323 J
2042 4245 2102 4300 υ
2147 4245 2183 4302 s
2228 4246 2285 4299 ι)
2334 4224 2529 4304 rm.

786 4488 1234 4589 Quamquam
1279 4485 1499 4585 longa
1544 4484 1695 4561 dies
1744 4496 1821 4559 te
1862 4484 1999 4579 jam
2046 4480 2365 4574 sedavit,
2416 4481 2494 4556 &
2543 4458 2686 4556 ille'

881 4612 1235 4689 Fervidus
1280 4633 1371 4687 ex
1421 4612 1617 4688 omni
1663 4609 1958 4707 pestere
2004 4608 2199 4683 ceffit
2242 4629 2500 4701 amor,

789 4736 1669 4835 Debueras,·Cleobule‚
1716 4752 1879 4815 tuae
1926 4754 2197 4813 memor
2242 4738 2383 4815 effe
2432 4734 2813 4833 iuventae,

886 4867 1133 4959 Atque
1182 4880 1371 4943 aetas
1392 4918 1418 4961 ,
1468 4863 1743 4963 placide
1788 4864 2023 4955 ferre,
2074 4860 2277 4963 und
2320 4862 2444 4941 illa
2479 4859 2714 4963 jubet.
2843 4940 2850 4947 .

1869 4988 1999 5066 Bb
2048 5009 2097 5065 α

3209 519 3370 602 ¹95

3067 5026 3074 5031 ·
3141 4988 3322 5075 Non
