4775 6000
1390 481 2771 598 3191133Rszx-TUS.
3350 522 3467 606 79

909 713 1116 792 Vidit
1159 727 1244 790 ut
1293 711 1700 790 Alcimenes
1723 765 1754 806 ,
1801 709 1982 786 vitio
2031 709 2388 808 culpaque
2437 728 2791 790 carentem

1001 837 1329 936 Effigiem
1377 838 1667 919 cunctas
1716 857 2024 932 corpore
2073 836 2261 910 ferre
2315 855 2575 930 notas3

913 966 1172 1044 Vincla
1223 983 1474 1041 tenens
1529 966 1730 1064 queis
1779 965 1965 1040 colla
2013 964 2234 1059 liget:
2284 959 2420 1056 jam
2473 964 2584 1037 dic
2630 987 2761 1064 age
2810 969 3109 1054 Leucon

1011 1091 1313 1184 Currat,
1363 1092 1500 1168 ait:
1555 1095 1820 1172 latrans
1867 1109 2026 1168 nam
2073 1105 2206 1166 tua-
2237 1087 2412 1182 juffae
2452 1109 2713 1172 manet.

1368 1351 1537 1428 111.
1619 1349 2030 1438 Mnus,
2097 1347 2805 1432 BYzAunNAz.

903 1602 1290 1686 Formosae
1339 1605 1674 1701 Dryades
1723 1621 1929 1681 natae
1981 1602 2071 1678 de
2119 1602 2467 1695 flumine,
2514 1605 2720 1702 cujus

998 1737 1328 1812 Atteritis
1373 1735 1562 1830 ripas
1607 1732 2010 1809 luxuriante
2060 1728 2244 1823 pede
2271 1783 2300 1820 ,

895 1857 1334 1936 Incolumem
1380 1861 1727 1958 praestate
1777 1857 2280 1948 Cleonymum
2331 1858 2600 1951 optima
2650 1863 2869 1940 vobis-

995 1985 1326 2064 Pinetum
1377 1989 1616 2084 supter
1668 1984 1798 2082 qui
1845 1980 2230 2058 fimulacra-
2257 1977 2480 2060 dedit.

935 2241 1089 2319 IV.
1143 2245 1784 2334 Parnonnmr,
1830 2253 1904 2312 ut
1955 2237 2113 2354 agiis
2153 2239 2410 2335 placet,
2467 2241 3178 2334 Ancznrnnrr.

892 2502 1091 2578 Haec
1142 2503 1251 2578 est
1294 2502 1746 2580 Phaemono&
1769 2551 1796 2590 ,
1843 2515 2026 2594 quae
2075 2499 2278 2590 vele,
2331 2499 2767 2577 Menecratis
2815 2504 2960 2598 est,
3012 2531 3203 2608 quae·

986 2628 1246 2704 Vincla
1297 2627 1606 2724 pedum,
1657 2627 1930 2713 Prexo,
1985 2645 2172 2719 quae
2219 2646 2395 2700 cava
2444 2629 2658 2722 pocla
2704 2645 2929 2706 tenet.

891 2754 1048 2829 Hae
1109 2751 1376 2826 Veneri
1423 2749 1765 2843 templum
1819 2751 2022 2824 fimul
2071 2750 2521 2846 effigiemque
2561 2752 2945 2849 dederunt,

983 2869 1380 2972 Strymonii
1426 2875 1636 2974 quod·
1677 2894 1868 2972 opus
1918 2875 2150 2950 cernis
2202 2874 2702 2954 Aristomachi.
2942 2961 2948 2969 ,

883 3008 1042 3083 Hae
1091 3006 1286 3080 cives
1335 3004 1672 3095 fuerant,
1727 3002 1848 3077 sed
1893 3004 2182 3099 publica
2231 3024 2580 3101 corpora:
2626 3004 2929 3102 cypris-

978 3134 1164 3211 Rem
1211 3130 1470 3227 dedit,
1499 3149 1714 3229 atque
1759 3130 1888 3207 uni
1938 3131 2212 3237 nubere
2256 3150 2621 3230 quamque
2670 3133 2872 3215 viro..

1355 3426 2375 3548 'TITULUS
2484 3432 2609 3508 11..

1647 3685 1758 3777 A.
1835 3688 2403 3775 certatoribus-

1601 3994 1667 4073 1:
1749 3996 2419 4074 Parnonnun„

881 4254 1134 4330 calcar
1181 4254 1318 4329 iter
1363 4272 1751 4350 properare
1799 4252 2102 4349 jubens,
2173 4254 2250 4327 ἃ
2299 4264 2495 4351 grata
2542 4254 2797 4352 lupatae

967 4382 1333 4474 Naribus,
1381 4380 1456 4455 &
1505 4380 1706 4477 quod
1749 4382 1921 4479 equi
1970 4380 2259 4477 pectora
2308 4382 2533 4457 cinxit
2583 4385 2807 4475 ebur,

875 4505 1225 4581 Charmus
1273 4508 1368 4583 ob
1417 4500 1854 4583 Isthmiacum
1883 4510 2035 4585 ·tibi
2081 4508 2248 4599 dat,
2302 4506 2700 4604 Neptune,
2753 4526 3162 4608 coronam,-

968 4634 1238 4709 Addita
1283 4632 1645 4710 vestibulis
1701 4632 1988 4710 Cretica
2037 4635 2238 4730 virga
2289 4636 2479 4725 tuiS,
2842 4656 2851 4670 ·

867 4761 970 4835 Et
1018 4758 1240 4855 strigil
1297 4775 1608 4837 errantes
1656 4761 1885 4835 facilis
1933 4758 2324 4836 discernere
2374 4759 2655 4855 crines,

958 4885 1060 4962 Et
1101 4884 1358 4963 scutica
1403 4888 1481 4967 in
1527 4903 1734 4989 tergo
1773 4888 2068 4988 gignere
2111 4903 2278 4966 nata
2324 4888 2569 4967 sonos*

3180 5016 3383 5095 Haec
