<?xml version="1.0" encoding="UTF-8"?>
<!DOCTYPE html PUBLIC "-//W3C//DTD XHTML 1.0 Transitional//EN"
    "http://www.w3.org/TR/xhtml1/DTD/xhtml1-transitional.dtd">
<html xmlns="http://www.w3.org/1999/xhtml" xml:lang="en" lang="en">
 <head>
  <title>
</title>
<meta http-equiv="Content-Type" content="text/html;charset=utf-8" />
  <meta name='ocr-system' content='tesseract 3.04.00' />
  <meta name='ocr-capabilities' content='ocr_page ocr_carea ocr_par ocr_line ocrx_word'/>
</head>
<body>
  <div class='ocr_page' id='page_1' title='image "anthologiagraec04saumgoog_0034.png"; bbox 0 0 4775 6000; ppageno 0'>
   <div class='ocr_carea' id='block_1_1' title="bbox 1246 520 2823 643">
    <p class='ocr_par' dir='ltr' id='par_1_1' title="bbox 1246 520 2823 643">
     <span class='ocr_line' id='line_1_1' title="bbox 1246 520 2823 643; baseline 0 -29"><span class='ocrx_word' id='word_1_1' title='bbox 1246 631 1256 638; x_wconf 44' lang='grc'>,</span> <span class='ocrx_word' id='word_1_2' title='bbox 1410 529 1917 614; x_wconf 81' lang='lat' dir='ltr'>LIBER</span> <span class='ocrx_word' id='word_1_3' title='bbox 2017 520 2823 643; x_wconf 65' lang='lat' dir='ltr'>Qurn&#39;rus:</span> 
     </span>
    </p>
   </div>
   <div class='ocr_carea' id='block_1_2' title="bbox 1570 831 2513 985">
    <p class='ocr_par' dir='ltr' id='par_1_2' title="bbox 1570 831 2513 985">
     <span class='ocr_line' id='line_1_2' title="bbox 1570 831 2513 985; baseline -0.002 -21"><span class='ocrx_word' id='word_1_4' title='bbox 1570 831 1584 836; x_wconf 50' lang='grc'><strong>’</strong></span> <span class='ocrx_word' id='word_1_5' title='bbox 1708 887 1952 965; x_wconf 80' lang='lat' dir='ltr'>xm.</span> <span class='ocrx_word' id='word_1_6' title='bbox 2020 886 2132 961; x_wconf 74' lang='lat' dir='ltr'>De</span> <span class='ocrx_word' id='word_1_7' title='bbox 2179 885 2513 985; x_wconf 78' lang='lat' dir='ltr'>Apolline.</span> 
     </span>
    </p>
   </div>
   <div class='ocr_carea' id='block_1_3' title="bbox 923 1178 2971 1656">
    <p class='ocr_par' dir='ltr' id='par_1_3' title="bbox 923 1178 2971 1656">
     <span class='ocr_line' id='line_1_3' title="bbox 923 1178 2971 1292; baseline -0 -34"><span class='ocrx_word' id='word_1_8' title='bbox 923 1182 1090 1292; x_wconf 18' lang='lat' dir='ltr'>‘Stat</span> <span class='ocrx_word' id='word_1_9' title='bbox 1135 1183 1471 1260; x_wconf 85' lang='lat' dir='ltr'>Phoebus</span> <span class='ocrx_word' id='word_1_10' title='bbox 1517 1178 1880 1278; x_wconf 85' lang='lat' dir='ltr'>tripodum</span> <span class='ocrx_word' id='word_1_11' title='bbox 1929 1179 2214 1270; x_wconf 87' lang='lat' dir='ltr'>custos,</span> <span class='ocrx_word' id='word_1_12' title='bbox 2267 1194 2621 1286; x_wconf 71' lang='lat' dir='ltr'>retroque</span> <span class='ocrx_word' id='word_1_13' title='bbox 2662 1180 2971 1257; x_wconf 83' lang='lat' dir='ltr'>solutum</span> 
     </span>
     <span class='ocr_line' id='line_1_4' title="bbox 929 1305 2843 1404; baseline -0.002 -20"><span class='ocrx_word' id='word_1_14' title='bbox 929 1311 1092 1404; x_wconf 88' lang='lat' dir='ltr'>lpse</span> <span class='ocrx_word' id='word_1_15' title='bbox 1139 1327 1340 1386; x_wconf 84' lang='lat' dir='ltr'>tenet</span> <span class='ocrx_word' id='word_1_16' title='bbox 1387 1309 1691 1388; x_wconf 86' lang='lat' dir='ltr'>crinem:</span> <span class='ocrx_word' id='word_1_17' title='bbox 1749 1305 2134 1403; x_wconf 88' lang='lat' dir='ltr'>nudusque</span> <span class='ocrx_word' id='word_1_18' title='bbox 2175 1321 2473 1401; x_wconf 76' lang='lat' dir='ltr'>apparet</span> <span class='ocrx_word' id='word_1_19' title='bbox 2516 1305 2591 1380; x_wconf 86' lang='lat' dir='ltr'>in</span> <span class='ocrx_word' id='word_1_20' title='bbox 2628 1324 2843 1398; x_wconf 78' lang='lat' dir='ltr'>aere3</span> 
     </span>
     <span class='ocr_line' id='line_1_5' title="bbox 927 1431 2799 1534; baseline -0.002 -24"><span class='ocrx_word' id='word_1_21' title='bbox 927 1435 1073 1510; x_wconf 89' lang='lat' dir='ltr'>Vel</span> <span class='ocrx_word' id='word_1_22' title='bbox 1123 1436 1284 1534; x_wconf 84' lang='lat' dir='ltr'>quia</span> <span class='ocrx_word' id='word_1_23' title='bbox 1331 1435 1644 1510; x_wconf 82' lang='lat' dir='ltr'>fatorum</span> <span class='ocrx_word' id='word_1_24' title='bbox 1689 1434 2036 1532; x_wconf 89' lang='lat' dir='ltr'>quicquid</span> <span class='ocrx_word' id='word_1_25' title='bbox 2083 1435 2350 1508; x_wconf 79' lang='lat' dir='ltr'>secreta</span> <span class='ocrx_word' id='word_1_26' title='bbox 2400 1431 2799 1508; x_wconf 86' lang='lat' dir='ltr'>recondunt</span> 
     </span>
     <span class='ocr_line' id='line_1_6' title="bbox 927 1560 2803 1656; baseline -0.003 -18"><span class='ocrx_word' id='word_1_27' title='bbox 927 1560 1286 1652; x_wconf 82' lang='lat' dir='ltr'>Confilia‚</span> <span class='ocrx_word' id='word_1_28' title='bbox 1334 1561 1407 1634; x_wconf 90' lang='lat' dir='ltr'>id</span> <span class='ocrx_word' id='word_1_29' title='bbox 1457 1561 1736 1656; x_wconf 83' lang='lat' dir='ltr'>populo</span> <span class='ocrx_word' id='word_1_30' title='bbox 1781 1561 2003 1636; x_wconf 77' lang='lat' dir='ltr'>nudat</span> <span class='ocrx_word' id='word_1_31' title='bbox 2055 1562 2427 1636; x_wconf 87' lang='lat' dir='ltr'>consultus</span> <span class='ocrx_word' id='word_1_32' title='bbox 2480 1560 2803 1654; x_wconf 80' lang='lat' dir='ltr'>Apollo=</span> 
     </span>
    </p>
   </div>
   <div class='ocr_carea' id='block_1_4' title="bbox 923 1683 3029 1784">
    <p class='ocr_par' dir='ltr' id='par_1_4' title="bbox 923 1683 3029 1784">
     <span class='ocr_line' id='line_1_7' title="bbox 923 1683 3029 1784; baseline 0.001 -22"><span class='ocrx_word' id='word_1_33' title='bbox 923 1687 1066 1762; x_wconf 87' lang='lat' dir='ltr'>Vel</span> <span class='ocrx_word' id='word_1_34' title='bbox 1114 1687 1276 1784; x_wconf 82' lang='lat' dir='ltr'>quia</span> <span class='ocrx_word' id='word_1_35' title='bbox 1323 1687 1474 1778; x_wconf 87' lang='lat' dir='ltr'>sol,</span> <span class='ocrx_word' id='word_1_36' title='bbox 1524 1683 1708 1758; x_wconf 88' lang='lat' dir='ltr'>idem</span> <span class='ocrx_word' id='word_1_37' title='bbox 1756 1685 2032 1763; x_wconf 88' lang='lat' dir='ltr'>Phoebi</span> <span class='ocrx_word' id='word_1_38' title='bbox 2065 1707 2360 1783; x_wconf 88' lang='lat' dir='ltr'>quoque</span> <span class='ocrx_word' id='word_1_39' title='bbox 2414 1685 2701 1761; x_wconf 87' lang='lat' dir='ltr'>nomine</span> <span class='ocrx_word' id='word_1_40' title='bbox 2750 1683 3029 1776; x_wconf 67' lang='lat' dir='ltr'>distas,</span> 
     </span>
    </p>
   </div>
   <div class='ocr_carea' id='block_1_5' title="bbox 917 1809 2515 2178">
    <p class='ocr_par' dir='ltr' id='par_1_5' title="bbox 917 1809 2515 2178">
     <span class='ocr_line' id='line_1_8' title="bbox 917 1809 2515 1906; baseline -0.004 -16"><span class='ocrx_word' id='word_1_41' title='bbox 917 1815 1209 1890; x_wconf 86' lang='lat' dir='ltr'>Irradiat</span> <span class='ocrx_word' id='word_1_42' title='bbox 1258 1832 1516 1902; x_wconf 83' lang='lat' dir='ltr'>terras,</span> <span class='ocrx_word' id='word_1_43' title='bbox 1570 1809 1644 1884; x_wconf 71' lang='grc' dir='ltr'>δι</span> <span class='ocrx_word' id='word_1_44' title='bbox 1693 1831 1883 1906; x_wconf 89' lang='lat' dir='ltr'>puro</span> <span class='ocrx_word' id='word_1_45' title='bbox 1925 1811 2193 1888; x_wconf 86' lang='lat' dir='ltr'>lumine</span> <span class='ocrx_word' id='word_1_46' title='bbox 2240 1810 2515 1886; x_wconf 83' lang='lat' dir='ltr'>lustrat.</span> 
     </span>
     <span class='ocr_line' id='line_1_9' title="bbox 1715 2097 2481 2178; baseline 0.004 -4"><span class='ocrx_word' id='word_1_47' title='bbox 1715 2097 1786 2174; x_wconf 84' lang='lat' dir='ltr'>X</span> <span class='ocrx_word' id='word_1_48' title='bbox 1814 2099 1846 2174; x_wconf 86' lang='lat'>1</span> <span class='ocrx_word' id='word_1_49' title='bbox 1873 2099 1968 2176; x_wconf 91' lang='lat' dir='ltr'>V.</span> <span class='ocrx_word' id='word_1_50' title='bbox 2039 2099 2148 2176; x_wconf 92' lang='lat' dir='ltr'>De</span> <span class='ocrx_word' id='word_1_51' title='bbox 2196 2101 2481 2178; x_wconf 83' lang='lat' dir='ltr'><em>Venere.</em></span> 
     </span>
    </p>
   </div>
   <div class='ocr_carea' id='block_1_6' title="bbox 928 2389 2683 2490">
    <p class='ocr_par' dir='ltr' id='par_1_6' title="bbox 928 2389 2683 2490">
     <span class='ocr_line' id='line_1_10' title="bbox 928 2389 2683 2490; baseline -0.002 -22"><span class='ocrx_word' id='word_1_52' title='bbox 928 2391 1122 2468; x_wconf 84' lang='lat' dir='ltr'>Huic</span> <span class='ocrx_word' id='word_1_53' title='bbox 1172 2389 1406 2467; x_wconf 85' lang='lat' dir='ltr'>vicina</span> <span class='ocrx_word' id='word_1_54' title='bbox 1457 2390 1715 2468; x_wconf 88' lang='lat' dir='ltr'>Venus</span> <span class='ocrx_word' id='word_1_55' title='bbox 1766 2393 2082 2490; x_wconf 84' lang='lat' dir='ltr'>fulgenti</span> <span class='ocrx_word' id='word_1_56' title='bbox 2133 2392 2342 2468; x_wconf 82' lang='lat' dir='ltr'>stillat</span> <span class='ocrx_word' id='word_1_57' title='bbox 2392 2389 2467 2466; x_wconf 90' lang='lat' dir='ltr'>in</span> <span class='ocrx_word' id='word_1_58' title='bbox 2523 2411 2683 2465; x_wconf 81' lang='lat' dir='ltr'>aere</span> 
     </span>
    </p>
   </div>
   <div class='ocr_carea' id='block_1_7' title="bbox 757 2513 2912 2616">
    <p class='ocr_par' dir='ltr' id='par_1_7' title="bbox 757 2513 2912 2616">
     <span class='ocr_line' id='line_1_11' title="bbox 757 2513 2912 2616; baseline -0.002 -23"><span class='ocrx_word' id='word_1_59' title='bbox 757 2595 769 2602; x_wconf 77' lang='grc'><strong>,</strong></span> <span class='ocrx_word' id='word_1_60' title='bbox 916 2520 1156 2593; x_wconf 84' lang='lat' dir='ltr'><strong>Dulce</strong></span> <span class='ocrx_word' id='word_1_61' title='bbox 1207 2519 1426 2592; x_wconf 89' lang='lat' dir='ltr'>decus</span> <span class='ocrx_word' id='word_1_62' title='bbox 1475 2519 1786 2593; x_wconf 81' lang='lat' dir='ltr'>formae:</span> <span class='ocrx_word' id='word_1_63' title='bbox 1839 2515 2362 2616; x_wconf 70' lang='lat' dir='ltr'>specstandaque</span> <span class='ocrx_word' id='word_1_64' title='bbox 2412 2513 2705 2611; x_wconf 59' lang='lat' dir='ltr'>peetore</span> <span class='ocrx_word' id='word_1_65' title='bbox 2754 2528 2912 2589; x_wconf 88' lang='lat' dir='ltr'>toto</span> 
     </span>
    </p>
   </div>
   <div class='ocr_carea' id='block_1_8' title="bbox 915 2640 2890 2866">
    <p class='ocr_par' dir='ltr' id='par_1_8' title="bbox 915 2640 2890 2866">
     <span class='ocr_line' id='line_1_12' title="bbox 915 2640 2890 2740; baseline -0.002 -20"><span class='ocrx_word' id='word_1_66' title='bbox 915 2645 1174 2734; x_wconf 84' lang='lat' dir='ltr'>Nuda,</span> <span class='ocrx_word' id='word_1_67' title='bbox 1217 2660 1418 2718; x_wconf 84' lang='lat' dir='ltr'>toros</span> <span class='ocrx_word' id='word_1_68' title='bbox 1467 2644 1820 2720; x_wconf 83' lang='lat' dir='ltr'>femorum</span> <span class='ocrx_word' id='word_1_69' title='bbox 1872 2644 2241 2720; x_wconf 61' lang='lat' dir='ltr'>contraem</span> <span class='ocrx_word' id='word_1_70' title='bbox 2289 2643 2601 2740; x_wconf 85' lang='lat' dir='ltr'>tegmine</span> <span class='ocrx_word' id='word_1_71' title='bbox 2653 2640 2890 2717; x_wconf 79' lang='lat' dir='ltr'>velat:</span> 
     </span>
     <span class='ocr_line' id='line_1_13' title="bbox 915 2769 2603 2866; baseline -0.002 -20"><span class='ocrx_word' id='word_1_72' title='bbox 915 2773 1162 2846; x_wconf 85' lang='lat' dir='ltr'>Aurea</span> <span class='ocrx_word' id='word_1_73' title='bbox 1209 2787 1603 2846; x_wconf 64' lang='lat' dir='ltr'>contortos-</span> <span class='ocrx_word' id='word_1_74' title='bbox 1633 2769 2004 2865; x_wconf 81' lang='lat' dir='ltr'>adstringit</span> <span class='ocrx_word' id='word_1_75' title='bbox 2050 2771 2234 2864; x_wconf 84' lang='lat' dir='ltr'>spira</span> <span class='ocrx_word' id='word_1_76' title='bbox 2281 2770 2603 2866; x_wconf 83' lang='lat' dir='ltr'><strong>capillos.</strong></span> 
     </span>
    </p>
   </div>
   <div class='ocr_carea' id='block_1_9' title="bbox 1657 3056 2467 3139">
    <p class='ocr_par' dir='ltr' id='par_1_9' title="bbox 1657 3056 2467 3139">
     <span class='ocr_line' id='line_1_14' title="bbox 1657 3056 2467 3139; baseline -0.007 -2"><span class='ocrx_word' id='word_1_77' title='bbox 1657 3058 1732 3137; x_wconf 94' lang='lat' dir='ltr'>X</span> <span class='ocrx_word' id='word_1_78' title='bbox 1753 3061 1848 3139; x_wconf 88' lang='lat' dir='ltr'>V.</span> <span class='ocrx_word' id='word_1_79' title='bbox 1915 3058 2027 3134; x_wconf 91' lang='lat' dir='ltr'>De</span> <span class='ocrx_word' id='word_1_80' title='bbox 2082 3056 2467 3136; x_wconf 74' lang='lat' dir='ltr'><em>Alcibiade.</em></span> 
     </span>
    </p>
   </div>
   <div class='ocr_carea' id='block_1_10' title="bbox 849 3348 2931 3830">
    <p class='ocr_par' dir='ltr' id='par_1_10' title="bbox 905 3348 2931 3699">
     <span class='ocr_line' id='line_1_15' title="bbox 911 3348 2648 3446; baseline -0.003 -19"><span class='ocrx_word' id='word_1_81' title='bbox 911 3349 1289 3427; x_wconf 85' lang='lat' dir='ltr'>Cliniaden</span> <span class='ocrx_word' id='word_1_82' title='bbox 1338 3348 1598 3424; x_wconf 84' lang='lat' dir='ltr'>miror:</span> <span class='ocrx_word' id='word_1_83' title='bbox 1657 3365 1854 3425; x_wconf 80' lang='lat' dir='ltr'>tanta</span> <span class='ocrx_word' id='word_1_84' title='bbox 1900 3352 2006 3423; x_wconf 89' lang='lat' dir='ltr'>illi</span> <span class='ocrx_word' id='word_1_85' title='bbox 2055 3352 2278 3446; x_wconf 82' lang='lat' dir='ltr'>gratia</span> <span class='ocrx_word' id='word_1_86' title='bbox 2327 3350 2648 3441; x_wconf 86' lang='lat' dir='ltr'>formae,</span> 
     </span>
     <span class='ocr_line' id='line_1_16' title="bbox 905 3474 2931 3572; baseline -0.002 -18"><span class='ocrx_word' id='word_1_87' title='bbox 905 3478 1550 3571; x_wconf 82' lang='lat' dir='ltr'>Membrorumque</span> <span class='ocrx_word' id='word_1_88' title='bbox 1598 3476 1809 3572; x_wconf 88' lang='lat' dir='ltr'>vigor</span> <span class='ocrx_word' id='word_1_89' title='bbox 1853 3474 2198 3570; x_wconf 84' lang='lat' dir='ltr'>juvenilis</span> <span class='ocrx_word' id='word_1_90' title='bbox 2247 3476 2322 3551; x_wconf 91' lang='lat' dir='ltr'>in</span> <span class='ocrx_word' id='word_1_91' title='bbox 2371 3494 2536 3549; x_wconf 86' lang='lat' dir='ltr'>aere</span> <span class='ocrx_word' id='word_1_92' title='bbox 2584 3477 2931 3551; x_wconf 86' lang='lat' dir='ltr'><strong>coruscat.</strong></span> 
     </span>
     <span class='ocr_line' id='line_1_17' title="bbox 906 3601 2774 3699; baseline -0.002 -18"><span class='ocrx_word' id='word_1_93' title='bbox 906 3604 1106 3681; x_wconf 85' lang='lat' dir='ltr'>Talis</span> <span class='ocrx_word' id='word_1_94' title='bbox 1135 3602 1368 3692; x_wconf 83' lang='lat' dir='ltr'>adest,</span> <span class='ocrx_word' id='word_1_95' title='bbox 1419 3604 1641 3699; x_wconf 79' lang='lat' dir='ltr'>qualis</span> <span class='ocrx_word' id='word_1_96' title='bbox 1692 3601 2048 3696; x_wconf 61' lang='lat' dir='ltr'>speetatus</span> <span class='ocrx_word' id='word_1_97' title='bbox 2092 3602 2168 3679; x_wconf 87' lang='lat' dir='ltr'>in</span> <span class='ocrx_word' id='word_1_98' title='bbox 2223 3602 2525 3679; x_wconf 78' lang='lat' dir='ltr'>Atthide</span> <span class='ocrx_word' id='word_1_99' title='bbox 2561 3602 2774 3677; x_wconf 71' lang='lat' dir='ltr'>turbe</span> 
     </span>
    </p>

    <p class='ocr_par' dir='ltr' id='par_1_11' title="bbox 849 3727 2779 3830">
     <span class='ocr_line' id='line_1_18' title="bbox 849 3727 2779 3830; baseline -0.003 -24"><span class='ocrx_word' id='word_1_100' title='bbox 849 3769 856 3777; x_wconf 92' lang='lat'><em>·</em></span> <span class='ocrx_word' id='word_1_101' title='bbox 908 3728 1230 3806; x_wconf 83' lang='lat' dir='ltr'>Confilio</span> <span class='ocrx_word' id='word_1_102' title='bbox 1281 3728 1628 3826; x_wconf 84' lang='lat' dir='ltr'>prudente</span> <span class='ocrx_word' id='word_1_103' title='bbox 1673 3729 1902 3809; x_wconf 89' lang='lat' dir='ltr'>tribus</span> <span class='ocrx_word' id='word_1_104' title='bbox 1923 3784 1950 3825; x_wconf 89' lang='lat'><strong>,</strong></span> <span class='ocrx_word' id='word_1_105' title='bbox 1997 3730 2389 3830; x_wconf 73' lang='lat' dir='ltr'>linguaque</span> <span class='ocrx_word' id='word_1_106' title='bbox 2439 3727 2779 3805; x_wconf 77' lang='lat' dir='ltr'>trahebat.</span> 
     </span>
    </p>
   </div>
   <div class='ocr_carea' id='block_1_11' title="bbox 1698 4018 2444 4120">
    <p class='ocr_par' dir='ltr' id='par_1_12' title="bbox 1698 4018 2444 4120">
     <span class='ocr_line' id='line_1_19' title="bbox 1698 4018 2444 4120; baseline 0 -23"><span class='ocrx_word' id='word_1_107' title='bbox 1698 4020 1943 4098; x_wconf 85' lang='lat' dir='ltr'><strong>XVI.</strong></span> <span class='ocrx_word' id='word_1_108' title='bbox 2016 4020 2130 4096; x_wconf 85' lang='lat' dir='ltr'>De</span> <span class='ocrx_word' id='word_1_109' title='bbox 2177 4018 2444 4120; x_wconf 61' lang='lat' dir='ltr'>Chryse.</span> 
     </span>
    </p>
   </div>
   <div class='ocr_carea' id='block_1_12' title="bbox 887 4309 2988 5149">
    <p class='ocr_par' dir='ltr' id='par_1_13' title="bbox 887 4309 2988 5045">
     <span class='ocr_line' id='line_1_20' title="bbox 897 4309 2988 4412; baseline -0.003 -20"><span class='ocrx_word' id='word_1_110' title='bbox 897 4318 1072 4392; x_wconf 87' lang='lat' dir='ltr'>Non</span> <span class='ocrx_word' id='word_1_111' title='bbox 1127 4314 1386 4409; x_wconf 87' lang='lat' dir='ltr'>procul</span> <span class='ocrx_word' id='word_1_112' title='bbox 1439 4314 1608 4389; x_wconf 86' lang='lat' dir='ltr'>inde</span> <span class='ocrx_word' id='word_1_113' title='bbox 1661 4318 1845 4412; x_wconf 86' lang='lat' dir='ltr'>gerit</span> <span class='ocrx_word' id='word_1_114' title='bbox 1899 4316 2217 4410; x_wconf 85' lang='lat' dir='ltr'>Chryses</span> <span class='ocrx_word' id='word_1_115' title='bbox 2271 4312 2605 4389; x_wconf 84' lang='lat' dir='ltr'>Phoebea</span> <span class='ocrx_word' id='word_1_116' title='bbox 2662 4309 2988 4387; x_wconf 86' lang='lat' dir='ltr'>sacerdos</span> 
     </span>
     <span class='ocr_line' id='line_1_21' title="bbox 895 4442 2713 4535; baseline -0.001 -20"><span class='ocrx_word' id='word_1_117' title='bbox 895 4444 1190 4535; x_wconf 87' lang='lat' dir='ltr'>Sceptra</span> <span class='ocrx_word' id='word_1_118' title='bbox 1235 4460 1488 4528; x_wconf 86' lang='lat' dir='ltr'>manu,</span> <span class='ocrx_word' id='word_1_119' title='bbox 1543 4442 1732 4515; x_wconf 85' lang='lat' dir='ltr'>sacra</span> <span class='ocrx_word' id='word_1_120' title='bbox 1778 4444 2011 4518; x_wconf 86' lang='lat' dir='ltr'>crines</span> <span class='ocrx_word' id='word_1_121' title='bbox 2062 4444 2346 4518; x_wconf 87' lang='lat' dir='ltr'>velante</span> <span class='ocrx_word' id='word_1_122' title='bbox 2396 4459 2713 4530; x_wconf 84' lang='lat' dir='ltr'>corona,</span> 
     </span>
     <span class='ocr_line' id='line_1_22' title="bbox 887 4564 2817 4665; baseline -0.004 -22"><span class='ocrx_word' id='word_1_123' title='bbox 887 4570 1160 4644; x_wconf 83' lang='lat' dir='ltr'>Tantus</span> <span class='ocrx_word' id='word_1_124' title='bbox 1207 4566 1466 4639; x_wconf 86' lang='lat' dir='ltr'>frontis</span> <span class='ocrx_word' id='word_1_125' title='bbox 1517 4566 1801 4660; x_wconf 85' lang='lat' dir='ltr'>honor,</span> <span class='ocrx_word' id='word_1_126' title='bbox 1855 4585 2056 4644; x_wconf 79' lang='lat' dir='ltr'>tanto</span> <span class='ocrx_word' id='word_1_127' title='bbox 2104 4571 2178 4643; x_wconf 88' lang='lat' dir='ltr'>se</span> <span class='ocrx_word' id='word_1_128' title='bbox 2230 4588 2537 4665; x_wconf 86' lang='lat' dir='ltr'>corpore</span> <span class='ocrx_word' id='word_1_129' title='bbox 2587 4564 2817 4651; x_wconf 80' lang='lat' dir='ltr'>tollit:</span> 
     </span>
     <span class='ocr_line' id='line_1_23' title="bbox 902 4688 2766 4789; baseline -0.004 -20"><span class='ocrx_word' id='word_1_130' title='bbox 902 4696 1226 4769; x_wconf 85' lang='lat' dir='ltr'>Heroum</span> <span class='ocrx_word' id='word_1_131' title='bbox 1278 4706 1474 4785; x_wconf 84' lang='lat' dir='ltr'>patet</span> <span class='ocrx_word' id='word_1_132' title='bbox 1518 4694 1656 4765; x_wconf 82' lang='lat' dir='ltr'>effe</span> <span class='ocrx_word' id='word_1_133' title='bbox 1705 4715 1981 4789; x_wconf 87' lang='lat' dir='ltr'>genus:</span> <span class='ocrx_word' id='word_1_134' title='bbox 2039 4697 2114 4769; x_wconf 90' lang='lat' dir='ltr'>ni</span> <span class='ocrx_word' id='word_1_135' title='bbox 2157 4694 2421 4782; x_wconf 86' lang='lat' dir='ltr'>fallor,</span> <span class='ocrx_word' id='word_1_136' title='bbox 2472 4688 2766 4764; x_wconf 75' lang='lat' dir='ltr'>Atridae</span> 
     </span>
     <span class='ocr_line' id='line_1_24' title="bbox 895 4814 2841 4915; baseline -0.006 -17"><span class='ocrx_word' id='word_1_137' title='bbox 895 4820 1319 4915; x_wconf 79' lang='lat' dir='ltr'>Supplicat3</span> <span class='ocrx_word' id='word_1_138' title='bbox 1367 4817 1454 4889; x_wconf 87' lang='lat' dir='ltr'>ad</span> <span class='ocrx_word' id='word_1_139' title='bbox 1502 4814 1756 4912; x_wconf 58' lang='lat' dir='ltr'>peetus</span> <span class='ocrx_word' id='word_1_140' title='bbox 1804 4817 2208 4893; x_wconf 86' lang='lat' dir='ltr'>demittitur</span> <span class='ocrx_word' id='word_1_141' title='bbox 2253 4814 2534 4912; x_wconf 87' lang='lat' dir='ltr'>hispida</span> <span class='ocrx_word' id='word_1_142' title='bbox 2582 4816 2841 4906; x_wconf 84' lang='lat' dir='ltr'>barba,</span> 
     </span>
     <span class='ocr_line' id='line_1_25' title="bbox 893 4942 2786 5045; baseline -0.002 -21"><span class='ocrx_word' id='word_1_143' title='bbox 893 4949 994 5024; x_wconf 88' lang='lat' dir='ltr'>Et</span> <span class='ocrx_word' id='word_1_144' title='bbox 1043 4944 1279 5045; x_wconf 82' lang='lat' dir='ltr'>gravis</span> <span class='ocrx_word' id='word_1_145' title='bbox 1328 4942 1605 5019; x_wconf 88' lang='lat' dir='ltr'>inculto</span> <span class='ocrx_word' id='word_1_146' title='bbox 1655 4944 1928 5045; x_wconf 84' lang='lat' dir='ltr'>pendet</span> <span class='ocrx_word' id='word_1_147' title='bbox 1980 4944 2072 5020; x_wconf 83' lang='lat' dir='ltr'>de</span> <span class='ocrx_word' id='word_1_148' title='bbox 2124 4944 2320 5021; x_wconf 85' lang='lat' dir='ltr'>crine</span> <span class='ocrx_word' id='word_1_149' title='bbox 2371 4943 2786 5038; x_wconf 77' lang='lat' dir='ltr'>corymbus.</span> 
     </span>
    </p>

    <p class='ocr_par' dir='ltr' id='par_1_14' title="bbox 2029 5070 2192 5149">
     <span class='ocr_line' id='line_1_26' title="bbox 2029 5070 2192 5149; baseline -0.006 0"><span class='ocrx_word' id='word_1_150' title='bbox 2029 5070 2090 5149; x_wconf 90' lang='lat' dir='ltr'>B</span> <span class='ocrx_word' id='word_1_151' title='bbox 2143 5094 2192 5148; x_wconf 84' lang='lat'>2</span> 
     </span>
    </p>
   </div>
   <div class='ocr_carea' id='block_1_13' title="bbox 3136 5070 3513 5191">
    <p class='ocr_par' dir='ltr' id='par_1_15' title="bbox 3136 5070 3513 5191">
     <span class='ocr_line' id='line_1_27' title="bbox 3136 5070 3513 5191; baseline 0.008 -44"><span class='ocrx_word' id='word_1_152' title='bbox 3136 5070 3432 5153; x_wconf 88' lang='lat' dir='ltr'><strong>xv11.</strong></span> <span class='ocrx_word' id='word_1_153' title='bbox 3500 5178 3513 5191; x_wconf 32' lang='grc'>,</span> 
     </span>
    </p>
   </div>
  </div>
 </body>
</html>
