<?xml version="1.0" encoding="UTF-8"?>
<!DOCTYPE html PUBLIC "-//W3C//DTD XHTML 1.0 Transitional//EN"
    "http://www.w3.org/TR/xhtml1/DTD/xhtml1-transitional.dtd">
<html xmlns="http://www.w3.org/1999/xhtml" xml:lang="en" lang="en">
 <head>
  <title>
</title>
<meta http-equiv="Content-Type" content="text/html;charset=utf-8" />
  <meta name='ocr-system' content='tesseract 3.04.00' />
  <meta name='ocr-capabilities' content='ocr_page ocr_carea ocr_par ocr_line ocrx_word'/>
</head>
<body>
  <div class='ocr_page' id='page_1' title='image "anthologiagraec04saumgoog_0280.png"; bbox 0 0 4775 6000; ppageno 0'>
   <div class='ocr_carea' id='block_1_1' title="bbox 1222 517 3338 913">
    <p class='ocr_par' dir='ltr' id='par_1_1' title="bbox 1222 517 3338 913">
     <span class='ocr_line' id='line_1_1' title="bbox 1222 517 3338 642; baseline -0.001 -18"><span class='ocrx_word' id='word_1_1' title='bbox 1222 517 2719 624; x_wconf 62' lang='lat' dir='ltr'><strong>Lrss&#39;ERsEPT&#39;r‘Mth</strong></span> <span class='ocrx_word' id='word_1_2' title='bbox 3182 560 3338 642; x_wconf 77' lang='lat'><strong>2⁵7</strong></span> 
     </span>
     <span class='ocr_line' id='line_1_2' title="bbox 1249 777 2687 913; baseline -0.006 0"><span class='ocrx_word' id='word_1_3' title='bbox 1249 829 1581 913; x_wconf 90' lang='lat' dir='ltr'><strong>CXLI.</strong></span> <span class='ocrx_word' id='word_1_4' title='bbox 1690 777 2687 906; x_wconf 22' lang='lat' dir='ltr'><strong>Cant-rmaonr.</strong></span> 
     </span>
    </p>
   </div>
   <div class='ocr_carea' id='block_1_2' title="bbox 799 1085 2669 1319">
    <p class='ocr_par' dir='ltr' id='par_1_2' title="bbox 799 1085 2669 1319">
     <span class='ocr_line' id='line_1_3' title="bbox 799 1085 2669 1186; baseline -0.007 -8"><span class='ocrx_word' id='word_1_5' title='bbox 799 1100 909 1178; x_wconf 88' lang='lat' dir='ltr'><strong>Sit</strong></span> <span class='ocrx_word' id='word_1_6' title='bbox 955 1098 1113 1176; x_wconf 85' lang='lat' dir='ltr'><strong>talis</strong></span> <span class='ocrx_word' id='word_1_7' title='bbox 1161 1095 1443 1172; x_wconf 79' lang='lat' dir='ltr'>somnus</span> <span class='ocrx_word' id='word_1_8' title='bbox 1463 1147 1491 1186; x_wconf 93' lang='lat'><strong>,</strong></span> <span class='ocrx_word' id='word_1_9' title='bbox 1544 1088 1939 1185; x_wconf 86' lang='lat' dir='ltr'><strong>Conopion</strong></span> <span class='ocrx_word' id='word_1_10' title='bbox 1961 1139 1988 1178; x_wconf 91' lang='lat'><strong>,</strong></span> <span class='ocrx_word' id='word_1_11' title='bbox 2038 1085 2113 1160; x_wconf 72' lang='grc' dir='ltr'><strong>ὅτ.</strong></span> <span class='ocrx_word' id='word_1_12' title='bbox 2162 1085 2337 1177; x_wconf 87' lang='lat' dir='ltr'><strong>tibi,</strong></span> <span class='ocrx_word' id='word_1_13' title='bbox 2388 1086 2669 1183; x_wconf 89' lang='lat' dir='ltr'><strong>qualem</strong></span> 
     </span>
     <span class='ocr_line' id='line_1_4' title="bbox 896 1213 2662 1319; baseline -0.008 -17"><span class='ocrx_word' id='word_1_14' title='bbox 896 1230 1029 1302; x_wconf 91' lang='lat' dir='ltr'><strong>Me</strong></span> <span class='ocrx_word' id='word_1_15' title='bbox 1076 1225 1279 1319; x_wconf 86' lang='lat' dir='ltr'><strong>super</strong></span> <span class='ocrx_word' id='word_1_16' title='bbox 1331 1223 1476 1296; x_wconf 90' lang='lat' dir='ltr'><strong>hoc</strong></span> <span class='ocrx_word' id='word_1_17' title='bbox 1524 1216 1831 1315; x_wconf 84' lang='lat' dir='ltr'><strong>gelidum</strong></span> <span class='ocrx_word' id='word_1_18' title='bbox 1881 1215 2100 1289; x_wconf 90' lang='lat' dir='ltr'><strong>limen</strong></span> <span class='ocrx_word' id='word_1_19' title='bbox 2144 1213 2409 1289; x_wconf 82' lang='lat' dir='ltr'><strong>habere</strong></span> <span class='ocrx_word' id='word_1_20' title='bbox 2457 1213 2662 1288; x_wconf 88' lang='lat' dir='ltr'><strong>facis.</strong></span> 
     </span>
    </p>
   </div>
   <div class='ocr_carea' id='block_1_3' title="bbox 793 1339 2990 1833">
    <p class='ocr_par' dir='ltr' id='par_1_3' title="bbox 797 1339 2609 1445">
     <span class='ocr_line' id='line_1_5' title="bbox 797 1339 2609 1445; baseline -0.008 -15"><span class='ocrx_word' id='word_1_21' title='bbox 797 1353 918 1430; x_wconf 88' lang='lat' dir='ltr'><strong>Sic</strong></span> <span class='ocrx_word' id='word_1_22' title='bbox 964 1352 1219 1445; x_wconf 77' lang='lat' dir='ltr'><strong>iniusta</strong></span> <span class='ocrx_word' id='word_1_23' title='bbox 1269 1347 1559 1436; x_wconf 80' lang='lat' dir='ltr'><strong>cubes,</strong></span> <span class='ocrx_word' id='word_1_24' title='bbox 1590 1358 1675 1416; x_wconf 89' lang='lat' dir='ltr'><strong>ut</strong></span> <span class='ocrx_word' id='word_1_25' title='bbox 1720 1361 1834 1416; x_wconf 88' lang='lat' dir='ltr'><strong>me</strong></span> <span class='ocrx_word' id='word_1_26' title='bbox 1886 1339 2330 1436; x_wconf 73' lang='lat' dir='ltr'><strong>requiescere</strong></span> <span class='ocrx_word' id='word_1_27' title='bbox 2380 1341 2609 1436; x_wconf 87' lang='lat' dir='ltr'><strong>cogis.</strong></span> 
     </span>
    </p>

    <p class='ocr_par' dir='ltr' id='par_1_4' title="bbox 793 1465 2694 1687">
     <span class='ocr_line' id='line_1_6' title="bbox 888 1465 2694 1578; baseline -0.008 -25"><span class='ocrx_word' id='word_1_28' title='bbox 888 1481 1173 1578; x_wconf 85' lang='lat' dir='ltr'><strong>Quippe</strong></span> <span class='ocrx_word' id='word_1_29' title='bbox 1224 1495 1359 1550; x_wconf 88' lang='lat' dir='ltr'><strong>nec</strong></span> <span class='ocrx_word' id='word_1_30' title='bbox 1405 1472 1651 1546; x_wconf 82' lang='lat' dir='ltr'><strong>umbra</strong></span> <span class='ocrx_word' id='word_1_31' title='bbox 1693 1468 1877 1539; x_wconf 88' lang='lat' dir='ltr'><strong>levis</strong></span> <span class='ocrx_word' id='word_1_32' title='bbox 1928 1465 2020 1538; x_wconf 91' lang='lat' dir='ltr'><strong>de</strong></span> <span class='ocrx_word' id='word_1_33' title='bbox 2069 1465 2335 1559; x_wconf 87' lang='lat' dir='ltr'><strong>pietate</strong></span> <span class='ocrx_word' id='word_1_34' title='bbox 2384 1468 2515 1542; x_wconf 87' lang='lat' dir='ltr'><strong>tibi</strong></span> <span class='ocrx_word' id='word_1_35' title='bbox 2567 1465 2694 1540; x_wconf 89' lang='lat' dir='ltr'><strong>est.</strong></span> 
     </span>
     <span class='ocr_line' id='line_1_7' title="bbox 793 1589 2643 1687; baseline -0.011 -4"><span class='ocrx_word' id='word_1_36' title='bbox 793 1607 1101 1684; x_wconf 87' lang='lat' dir='ltr'>Vicinos</span> <span class='ocrx_word' id='word_1_37' title='bbox 1147 1599 1473 1687; x_wconf 82' lang='lat' dir='ltr'><strong>miseret,</strong></span> <span class='ocrx_word' id='word_1_38' title='bbox 1526 1592 1651 1669; x_wconf 90' lang='lat' dir='ltr'><strong>sed</strong></span> <span class='ocrx_word' id='word_1_39' title='bbox 1700 1607 1771 1666; x_wconf 87' lang='lat' dir='ltr'><strong>te</strong></span> <span class='ocrx_word' id='word_1_40' title='bbox 1805 1591 2049 1679; x_wconf 80' lang='lat' dir='ltr'>-nihil,</span> <span class='ocrx_word' id='word_1_41' title='bbox 2098 1589 2387 1664; x_wconf 88' lang='lat' dir='ltr'><strong>advenit</strong></span> <span class='ocrx_word' id='word_1_42' title='bbox 2435 1591 2643 1682; x_wconf 90' lang='lat' dir='ltr'><strong>alba,</strong></span> 
     </span>
    </p>

    <p class='ocr_par' dir='ltr' id='par_1_5' title="bbox 892 1717 2990 1833">
     <span class='ocr_line' id='line_1_8' title="bbox 892 1717 2990 1833; baseline -0.004 -28"><span class='ocrx_word' id='word_1_43' title='bbox 892 1733 1099 1833; x_wconf 88' lang='lat' dir='ltr'><strong>Quae</strong></span> <span class='ocrx_word' id='word_1_44' title='bbox 1147 1742 1221 1801; x_wconf 86' lang='lat' dir='ltr'><strong>te</strong></span> <span class='ocrx_word' id='word_1_45' title='bbox 1272 1725 1533 1801; x_wconf 87' lang='lat' dir='ltr'><strong>horum</strong></span> <span class='ocrx_word' id='word_1_46' title='bbox 1578 1722 2059 1794; x_wconf 86' lang='lat' dir='ltr'><strong>immemorem</strong></span> <span class='ocrx_word' id='word_1_47' title='bbox 2109 1737 2259 1792; x_wconf 86' lang='lat' dir='ltr'><strong>non</strong></span> <span class='ocrx_word' id='word_1_48' title='bbox 2313 1717 2473 1792; x_wconf 89' lang='lat' dir='ltr'><strong>finit</strong></span> <span class='ocrx_word' id='word_1_49' title='bbox 2518 1719 2654 1792; x_wconf 84' lang='lat' dir='ltr'><strong>effe</strong></span> <span class='ocrx_word' id='word_1_50' title='bbox 2689 1769 2718 1810; x_wconf 94' lang='lat'><strong>,</strong></span> <span class='ocrx_word' id='word_1_51' title='bbox 2765 1735 2990 1797; x_wconf 81' lang='lat' dir='ltr'><strong>coma.</strong></span> 
     </span>
    </p>
   </div>
   <div class='ocr_carea' id='block_1_4' title="bbox 1272 1910 2507 2059">
    <p class='ocr_par' dir='ltr' id='par_1_6' title="bbox 1272 1910 2507 2059">
     <span class='ocr_line' id='line_1_9' title="bbox 1272 1910 2507 2059; baseline -0.01 2"><span class='ocrx_word' id='word_1_52' title='bbox 1272 2023 1281 2041; x_wconf 76' lang='lat'>=</span> <span class='ocrx_word' id='word_1_53' title='bbox 1439 1977 1820 2059; x_wconf 90' lang='lat' dir='ltr'>CXLII.</span> <span class='ocrx_word' id='word_1_54' title='bbox 1925 1949 2107 2050; x_wconf 79' lang='lat' dir='ltr'><strong>R&#39;u</strong></span> <span class='ocrx_word' id='word_1_55' title='bbox 2156 1995 2202 2047; x_wconf 76' lang='lat' dir='ltr'><strong>r</strong></span> <span class='ocrx_word' id='word_1_56' title='bbox 2244 1995 2284 2048; x_wconf 85' lang='lat'>1</span> <span class='ocrx_word' id='word_1_57' title='bbox 2337 1910 2408 2045; x_wconf 39' lang='lat' dir='ltr'><strong>N.</strong></span> <span class='ocrx_word' id='word_1_58' title='bbox 2449 1995 2507 2050; x_wconf 85' lang='lat' dir='ltr'><strong>r.</strong></span> 
     </span>
    </p>
   </div>
   <div class='ocr_carea' id='block_1_5' title="bbox 791 2231 2647 2468">
    <p class='ocr_par' dir='ltr' id='par_1_7' title="bbox 791 2231 2647 2468">
     <span class='ocr_line' id='line_1_10' title="bbox 791 2231 2608 2339; baseline -0.011 -14"><span class='ocrx_word' id='word_1_59' title='bbox 791 2246 939 2326; x_wconf 89' lang='lat' dir='ltr'><strong>Cui</strong></span> <span class='ocrx_word' id='word_1_60' title='bbox 982 2258 1270 2339; x_wconf 88' lang='lat' dir='ltr'><strong>patuere</strong></span> <span class='ocrx_word' id='word_1_61' title='bbox 1324 2237 1570 2326; x_wconf 83' lang='lat' dir='ltr'><strong>Deae,</strong></span> <span class='ocrx_word' id='word_1_62' title='bbox 1626 2235 1874 2308; x_wconf 88' lang='lat' dir='ltr'><strong>clunes</strong></span> <span class='ocrx_word' id='word_1_63' title='bbox 1922 2235 1974 2306; x_wconf 85' lang='lat' dir='ltr'><strong>fi</strong></span> <span class='ocrx_word' id='word_1_64' title='bbox 2026 2246 2353 2306; x_wconf 90' lang='lat' dir='ltr'><strong>cerneret</strong></span> <span class='ocrx_word' id='word_1_65' title='bbox 2401 2231 2608 2323; x_wconf 88' lang='lat' dir='ltr'><strong>istas,</strong></span> 
     </span>
     <span class='ocr_line' id='line_1_11' title="bbox 891 2355 2647 2468; baseline -0.012 -17"><span class='ocrx_word' id='word_1_66' title='bbox 891 2375 1301 2468; x_wconf 84' lang='lat' dir='ltr'><strong>Numquam</strong></span> <span class='ocrx_word' id='word_1_67' title='bbox 1349 2363 1779 2458; x_wconf 85' lang='lat' dir='ltr'><strong>respiceret,</strong></span> <span class='ocrx_word' id='word_1_68' title='bbox 1834 2378 2010 2453; x_wconf 90' lang='lat' dir='ltr'><strong>quas</strong></span> <span class='ocrx_word' id='word_1_69' title='bbox 2060 2355 2372 2430; x_wconf 88' lang='lat' dir='ltr'><strong>habuere</strong></span> <span class='ocrx_word' id='word_1_70' title='bbox 2420 2355 2647 2432; x_wconf 84' lang='lat' dir='ltr'><strong>Deae.</strong></span> 
     </span>
    </p>
   </div>
   <div class='ocr_carea' id='block_1_6' title="bbox 1347 2613 2566 2710">
    <p class='ocr_par' dir='ltr' id='par_1_8' title="bbox 1347 2613 2566 2710">
     <span class='ocr_line' id='line_1_12' title="bbox 1347 2613 2566 2710; baseline -0.008 -10"><span class='ocrx_word' id='word_1_71' title='bbox 1347 2618 1776 2700; x_wconf 87' lang='lat' dir='ltr'><strong>CXLIII.</strong></span> <span class='ocrx_word' id='word_1_72' title='bbox 1878 2613 1945 2690; x_wconf 94' lang='lat' dir='ltr'><strong>E</strong></span> <span class='ocrx_word' id='word_1_73' title='bbox 1996 2635 2031 2710; x_wconf 87' lang='lat' dir='ltr'>J</span> <span class='ocrx_word' id='word_1_74' title='bbox 2076 2635 2132 2688; x_wconf 85' lang='lat' dir='ltr'><strong>u</strong></span> <span class='ocrx_word' id='word_1_75' title='bbox 2180 2613 2321 2689; x_wconf 78' lang='grc' dir='ltr'><strong>εὐ</strong></span> <span class='ocrx_word' id='word_1_76' title='bbox 2368 2635 2420 2693; x_wconf 70' lang='lat' dir='ltr'><strong>n</strong></span> <span class='ocrx_word' id='word_1_77' title='bbox 2473 2635 2566 2690; x_wconf 84' lang='lat' dir='ltr'><strong>M.</strong></span> 
     </span>
    </p>
   </div>
   <div class='ocr_carea' id='block_1_7' title="bbox 783 2819 2868 3572">
    <p class='ocr_par' dir='ltr' id='par_1_9' title="bbox 792 2819 2868 3067">
     <span class='ocr_line' id='line_1_13' title="bbox 792 2819 2868 2939; baseline -0.01 -10"><span class='ocrx_word' id='word_1_78' title='bbox 792 2847 1181 2929; x_wconf 85' lang='lat' dir='ltr'><strong>Certabant</strong></span> <span class='ocrx_word' id='word_1_79' title='bbox 1234 2845 1595 2939; x_wconf 88' lang='lat' dir='ltr'><strong>Rhodope</strong></span> <span class='ocrx_word' id='word_1_80' title='bbox 1626 2897 1655 2934; x_wconf 95' lang='lat'><strong>,</strong></span> <span class='ocrx_word' id='word_1_81' title='bbox 1708 2821 2013 2930; x_wconf 83' lang='lat' dir='ltr'><strong>Melite,</strong></span> <span class='ocrx_word' id='word_1_82' title='bbox 2065 2835 2496 2912; x_wconf 86' lang='lat' dir='ltr'><strong>Rhodoclea</strong></span> <span class='ocrx_word' id='word_1_83' title='bbox 2535 2819 2812 2932; x_wconf 85' lang='lat' dir='ltr'><strong>puellae</strong></span> <span class='ocrx_word' id='word_1_84' title='bbox 2839 2888 2868 2930; x_wconf 90' lang='lat'><strong>,</strong></span> 
     </span>
     <span class='ocr_line' id='line_1_14' title="bbox 884 2949 2512 3067; baseline -0.011 -12"><span class='ocrx_word' id='word_1_85' title='bbox 884 2977 1030 3055; x_wconf 91' lang='lat' dir='ltr'><strong>Cui</strong></span> <span class='ocrx_word' id='word_1_86' title='bbox 1078 2976 1369 3051; x_wconf 86' lang='lat' dir='ltr'><strong>femoris</strong></span> <span class='ocrx_word' id='word_1_87' title='bbox 1416 2949 1702 3067; x_wconf 86' lang='lat' dir='ltr'><strong>pulchri</strong></span> <span class='ocrx_word' id='word_1_88' title='bbox 1748 2965 1970 3064; x_wconf 89' lang='lat' dir='ltr'><strong>gratia</strong></span> <span class='ocrx_word' id='word_1_89' title='bbox 2017 2963 2242 3060; x_wconf 84' lang='lat' dir='ltr'><strong>prima</strong></span> <span class='ocrx_word' id='word_1_90' title='bbox 2289 2962 2512 3037; x_wconf 85' lang='lat' dir='ltr'><strong>foret.</strong></span> 
     </span>
    </p>

    <p class='ocr_par' dir='ltr' id='par_1_10' title="bbox 793 3086 2734 3332">
     <span class='ocr_line' id='line_1_15' title="bbox 793 3086 2734 3211; baseline -0.01 -28"><span class='ocrx_word' id='word_1_91' title='bbox 793 3108 1052 3211; x_wconf 86' lang='lat' dir='ltr'><strong>Judice</strong></span> <span class='ocrx_word' id='word_1_92' title='bbox 1098 3124 1208 3175; x_wconf 89' lang='lat' dir='ltr'><strong>me</strong></span> <span class='ocrx_word' id='word_1_93' title='bbox 1260 3100 1606 3175; x_wconf 89' lang='lat' dir='ltr'><strong>steterunt</strong></span> <span class='ocrx_word' id='word_1_94' title='bbox 1655 3092 2071 3189; x_wconf 67' lang='lat' dir='ltr'><strong>spestandae</strong></span> <span class='ocrx_word' id='word_1_95' title='bbox 2117 3086 2313 3165; x_wconf 88' lang='lat' dir='ltr'><strong>more</strong></span> <span class='ocrx_word' id='word_1_96' title='bbox 2366 3087 2734 3183; x_wconf 87' lang='lat' dir='ltr'><strong>Dearum,</strong></span> 
     </span>
     <span class='ocr_line' id='line_1_16' title="bbox 893 3215 2642 3332; baseline -0.007 -26"><span class='ocrx_word' id='word_1_97' title='bbox 893 3230 1255 3332; x_wconf 86' lang='lat' dir='ltr'><strong>Quodque</strong></span> <span class='ocrx_word' id='word_1_98' title='bbox 1302 3224 1442 3300; x_wconf 90' lang='lat' dir='ltr'><strong>illis</strong></span> <span class='ocrx_word' id='word_1_99' title='bbox 1488 3224 1794 3313; x_wconf 82' lang='lat' dir='ltr'><strong>deess&#39;et,</strong></span> <span class='ocrx_word' id='word_1_100' title='bbox 1844 3220 1947 3295; x_wconf 80' lang='lat' dir='ltr'><strong>&#39;nil</strong></span> <span class='ocrx_word' id='word_1_101' title='bbox 1996 3220 2124 3295; x_wconf 87' lang='lat' dir='ltr'><strong>nifi</strong></span> <span class='ocrx_word' id='word_1_102' title='bbox 2171 3215 2411 3294; x_wconf 66' lang='lat' dir='ltr'><strong>nefflr</strong></span> <span class='ocrx_word' id='word_1_103' title='bbox 2463 3232 2642 3295; x_wconf 86' lang='lat' dir='ltr'><strong>erat.</strong></span> 
     </span>
    </p>

    <p class='ocr_par' dir='ltr' id='par_1_11' title="bbox 783 3344 2698 3572">
     <span class='ocr_line' id='line_1_17' title="bbox 783 3344 2698 3436; baseline -0.009 -3"><span class='ocrx_word' id='word_1_104' title='bbox 783 3358 1179 3436; x_wconf 75' lang='lat' dir='ltr'><strong>Arbitrium</strong></span> <span class='ocrx_word' id='word_1_105' title='bbox 1232 3348 1499 3426; x_wconf 86' lang='lat' dir='ltr'><strong>Paridis</strong></span> <span class='ocrx_word' id='word_1_106' title='bbox 1551 3370 1661 3419; x_wconf 90' lang='lat' dir='ltr'><strong>me</strong></span> <span class='ocrx_word' id='word_1_107' title='bbox 1711 3346 2013 3419; x_wconf 72' lang='lat' dir='ltr'><strong>terr-uite</strong></span> <span class='ocrx_word' id='word_1_108' title='bbox 2062 3345 2231 3423; x_wconf 88' lang='lat' dir='ltr'><strong>hinc</strong></span> <span class='ocrx_word' id='word_1_109' title='bbox 2281 3344 2508 3419; x_wconf 87' lang='lat' dir='ltr'><strong>tribus</strong></span> <span class='ocrx_word' id='word_1_110' title='bbox 2555 3344 2698 3421; x_wconf 81' lang='lat' dir='ltr'><strong>mis</strong></span> 
     </span>
     <span class='ocr_line' id='line_1_18' title="bbox 887 3468 2651 3572; baseline -0.006 -14"><span class='ocrx_word' id='word_1_111' title='bbox 887 3480 1293 3558; x_wconf 90' lang='lat' dir='ltr'><strong>Coelitibus</strong></span> <span class='ocrx_word' id='word_1_112' title='bbox 1342 3496 1471 3572; x_wconf 86' lang='lat' dir='ltr'><strong>per</strong></span> <span class='ocrx_word' id='word_1_113' title='bbox 1516 3494 1627 3547; x_wconf 92' lang='lat' dir='ltr'><strong>me</strong></span> <span class='ocrx_word' id='word_1_114' title='bbox 1681 3472 1942 3567; x_wconf 89' lang='lat' dir='ltr'><strong>cuique</strong></span> <span class='ocrx_word' id='word_1_115' title='bbox 1996 3492 2265 3547; x_wconf 84' lang='lat' dir='ltr'><strong>corona</strong></span> <span class='ocrx_word' id='word_1_116' title='bbox 2312 3469 2472 3547; x_wconf 84' lang='lat' dir='ltr'><strong>data</strong></span> <span class='ocrx_word' id='word_1_117' title='bbox 2521 3468 2651 3547; x_wconf 89' lang='lat' dir='ltr'><strong>est.</strong></span> 
     </span>
    </p>
   </div>
   <div class='ocr_carea' id='block_1_8' title="bbox 1350 3729 2556 3829">
    <p class='ocr_par' dir='ltr' id='par_1_12' title="bbox 1350 3729 2556 3829">
     <span class='ocr_line' id='line_1_19' title="bbox 1350 3729 2556 3829; baseline -0.002 -22"><span class='ocrx_word' id='word_1_118' title='bbox 1350 3729 1765 3808; x_wconf 91' lang='lat' dir='ltr'>CXLIV.</span> <span class='ocrx_word' id='word_1_119' title='bbox 1870 3730 2556 3829; x_wconf 67' lang='lat' dir='ltr'><strong>Ejusnnn.</strong></span> 
     </span>
    </p>
   </div>
   <div class='ocr_carea' id='block_1_9' title="bbox 762 3950 2887 4435">
    <p class='ocr_par' dir='ltr' id='par_1_13' title="bbox 783 3950 2798 4183">
     <span class='ocr_line' id='line_1_20' title="bbox 783 3950 2798 4056; baseline -0.006 -18"><span class='ocrx_word' id='word_1_120' title='bbox 783 3964 1145 4039; x_wconf 81' lang='lat' dir='ltr'><strong>sumamus</strong></span> <span class='ocrx_word' id='word_1_121' title='bbox 1192 3953 1496 4033; x_wconf 85' lang='lat' dir='ltr'><strong>Prodice</strong></span> <span class='ocrx_word' id='word_1_122' title='bbox 1546 3956 1751 4056; x_wconf 89' lang='lat' dir='ltr'><strong>(nam</strong></span> <span class='ocrx_word' id='word_1_123' title='bbox 1797 3955 2093 4031; x_wconf 86' lang='lat' dir='ltr'><strong>lavimus</strong></span> <span class='ocrx_word' id='word_1_124' title='bbox 2138 3950 2396 4049; x_wconf 86' lang='lat' dir='ltr'><strong>ambo)</strong></span> <span class='ocrx_word' id='word_1_125' title='bbox 2442 3970 2746 4030; x_wconf 85' lang='lat' dir='ltr'><strong>coronas</strong></span> <span class='ocrx_word' id='word_1_126' title='bbox 2771 4000 2798 4043; x_wconf 88' lang='lat'><strong>,</strong></span> 
     </span>
     <span class='ocr_line' id='line_1_21' title="bbox 884 4052 2476 4183; baseline -0.006 -19"><span class='ocrx_word' id='word_1_127' title='bbox 884 4090 1247 4183; x_wconf 90' lang='lat' dir='ltr'><strong>Plenaque</strong></span> <span class='ocrx_word' id='word_1_128' title='bbox 1298 4082 1633 4157; x_wconf 88' lang='lat' dir='ltr'><strong>ducamus</strong></span> <span class='ocrx_word' id='word_1_129' title='bbox 1678 4079 1970 4179; x_wconf 87' lang='lat' dir='ltr'><strong>grandia</strong></span> <span class='ocrx_word' id='word_1_130' title='bbox 2017 4080 2229 4174; x_wconf 77' lang='lat' dir='ltr'><strong>poc-la</strong></span> <span class='ocrx_word' id='word_1_131' title='bbox 2278 4052 2476 4154; x_wconf 79' lang='lat' dir='ltr'><strong>meri.</strong></span> 
     </span>
    </p>

    <p class='ocr_par' dir='ltr' id='par_1_14' title="bbox 762 4190 2887 4435">
     <span class='ocr_line' id='line_1_22' title="bbox 762 4190 2887 4308; baseline -0.003 -27"><span class='ocrx_word' id='word_1_132' title='bbox 762 4214 1068 4293; x_wconf 76' lang='lat' dir='ltr'><strong>‚Gaudia</strong></span> <span class='ocrx_word' id='word_1_133' title='bbox 1112 4230 1295 4308; x_wconf 88' lang='lat' dir='ltr'><strong>quae</strong></span> <span class='ocrx_word' id='word_1_134' title='bbox 1345 4208 1615 4304; x_wconf 85' lang='lat' dir='ltr'><strong>patitur</strong></span> <span class='ocrx_word' id='word_1_135' title='bbox 1662 4208 1813 4283; x_wconf 86' lang='lat' dir='ltr'><strong>vita</strong></span> <span class='ocrx_word' id='word_1_136' title='bbox 1860 4206 1963 4280; x_wconf 91' lang='lat' dir='ltr'><strong>est</strong></span> <span class='ocrx_word' id='word_1_137' title='bbox 2014 4204 2253 4280; x_wconf 89' lang='lat' dir='ltr'><strong>brevis</strong></span> <span class='ocrx_word' id='word_1_138' title='bbox 2274 4190 2330 4295; x_wconf 60' lang='lat' dir='ltr'><strong>:J</strong></span> <span class='ocrx_word' id='word_1_139' title='bbox 2348 4205 2516 4281; x_wconf 90' lang='lat' dir='ltr'><strong>inde</strong></span> <span class='ocrx_word' id='word_1_140' title='bbox 2563 4199 2887 4280; x_wconf 72' lang='lat' dir='ltr'><strong>senestus</strong></span> 
     </span>
     <span class='ocr_line' id='line_1_23' title="bbox 892 4330 2456 4435; baseline -0.005 -20"><span class='ocrx_word' id='word_1_141' title='bbox 892 4338 1241 4435; x_wconf 86' lang='lat' dir='ltr'><strong>Impedit,</strong></span> <span class='ocrx_word' id='word_1_142' title='bbox 1295 4335 1370 4411; x_wconf 71' lang='grc' dir='ltr'><strong>δε</strong></span> <span class='ocrx_word' id='word_1_143' title='bbox 1417 4336 1631 4411; x_wconf 87' lang='lat' dir='ltr'><strong>finem</strong></span> <span class='ocrx_word' id='word_1_144' title='bbox 1681 4354 1875 4409; x_wconf 90' lang='lat' dir='ltr'><strong>mors</strong></span> <span class='ocrx_word' id='word_1_145' title='bbox 1922 4332 2209 4411; x_wconf 84' lang='lat' dir='ltr'><strong>inimica</strong></span> <span class='ocrx_word' id='word_1_146' title='bbox 2256 4330 2456 4407; x_wconf 84' lang='lat' dir='ltr'><strong>facit.</strong></span> 
     </span>
    </p>
   </div>
   <div class='ocr_carea' id='block_1_10' title="bbox 1384 4548 2531 4689">
    <p class='ocr_par' dir='ltr' id='par_1_15' title="bbox 1384 4548 2531 4689">
     <span class='ocr_line' id='line_1_24' title="bbox 1384 4548 2531 4689; baseline -0.005 -21"><span class='ocrx_word' id='word_1_147' title='bbox 1384 4590 1742 4674; x_wconf 87' lang='lat' dir='ltr'><strong>CXLV.</strong></span> <span class='ocrx_word' id='word_1_148' title='bbox 1848 4592 1915 4667; x_wconf 88' lang='lat' dir='ltr'><strong>E</strong></span> <span class='ocrx_word' id='word_1_149' title='bbox 1963 4614 1999 4689; x_wconf 88' lang='lat' dir='ltr'>J</span> <span class='ocrx_word' id='word_1_150' title='bbox 2048 4612 2106 4667; x_wconf 83' lang='grc' dir='ltr'>υ</span> <span class='ocrx_word' id='word_1_151' title='bbox 2154 4548 2531 4667; x_wconf 60' lang='grc' dir='ltr'><strong>ευπὶπ.</strong></span> 
     </span>
    </p>
   </div>
   <div class='ocr_carea' id='block_1_11' title="bbox 692 4756 3314 5191">
    <p class='ocr_par' dir='ltr' id='par_1_16' title="bbox 692 4756 3314 5191">
     <span class='ocr_line' id='line_1_25' title="bbox 786 4756 2648 4943; baseline -0.005 -46"><span class='ocrx_word' id='word_1_152' title='bbox 786 4820 1118 4943; x_wconf 82' lang='lat' dir='ltr'><strong>Europes</strong></span> <span class='ocrx_word' id='word_1_153' title='bbox 1168 4816 1497 4916; x_wconf 86' lang='lat' dir='ltr'><strong>equidem</strong></span> <span class='ocrx_word' id='word_1_154' title='bbox 1549 4814 1712 4891; x_wconf 90' lang='lat' dir='ltr'><strong>sunt</strong></span> <span class='ocrx_word' id='word_1_155' title='bbox 1757 4814 2000 4890; x_wconf 88' lang='lat' dir='ltr'><strong>oscula</strong></span> <span class='ocrx_word' id='word_1_156' title='bbox 2046 4812 2324 4902; x_wconf 79' lang='lat' dir='ltr'><strong>dulcia,</strong></span> <span class='ocrx_word' id='word_1_157' title='bbox 2372 4756 2648 4887; x_wconf 78' lang='lat' dir='ltr'><strong>tantum</strong></span> 
     </span>
     <span class='ocr_line' id='line_1_26' title="bbox 694 4936 3024 5063; baseline -0.004 -40"><span class='ocrx_word' id='word_1_158' title='bbox 694 5050 703 5063; x_wconf 24' lang='grc' dir='ltr'>ι</span> <span class='ocrx_word' id='word_1_159' title='bbox 880 4946 1167 5021; x_wconf 85' lang='lat' dir='ltr'><strong>Summa</strong></span> <span class='ocrx_word' id='word_1_160' title='bbox 1211 4946 1382 5021; x_wconf 89' lang='lat' dir='ltr'><strong>licet</strong></span> <span class='ocrx_word' id='word_1_161' title='bbox 1426 4958 1667 5041; x_wconf 85' lang='lat' dir='ltr'><strong>tangat</strong></span> <span class='ocrx_word' id='word_1_162' title='bbox 1711 4944 1907 5021; x_wconf 81' lang='lat' dir='ltr'><strong>labra</strong></span> <span class='ocrx_word' id='word_1_163' title='bbox 1954 4939 2072 5017; x_wconf 88' lang='lat' dir='ltr'><strong>vel</strong></span> <span class='ocrx_word' id='word_1_164' title='bbox 2122 4958 2247 5013; x_wconf 88' lang='lat' dir='ltr'><strong>ora</strong></span> <span class='ocrx_word' id='word_1_165' title='bbox 2300 4936 2472 5013; x_wconf 84' lang='lat' dir='ltr'><strong>tibi:</strong></span> <span class='ocrx_word' id='word_1_166' title='bbox 2570 4981 2578 4989; x_wconf 93' lang='lat'>-</span> <span class='ocrx_word' id='word_1_167' title='bbox 2699 5006 2710 5015; x_wconf 88' lang='lat'><strong>.</strong></span> <span class='ocrx_word' id='word_1_168' title='bbox 3015 4976 3024 4983; x_wconf 92' lang='lat'><strong>·</strong></span> 
     </span>
     <span class='ocr_line' id='line_1_27' title="bbox 692 5060 3314 5191; baseline -0.006 -42"><span class='ocrx_word' id='word_1_169' title='bbox 692 5072 940 5151; x_wconf 74' lang='lat' dir='ltr'><strong>Tou.</strong></span> <span class='ocrx_word' id='word_1_170' title='bbox 995 5072 1129 5151; x_wconf 91' lang='lat'><strong>111.</strong></span> <span class='ocrx_word' id='word_1_171' title='bbox 1574 5100 1579 5107; x_wconf 97' lang='lat'>·</span> <span class='ocrx_word' id='word_1_172' title='bbox 1842 5180 1849 5191; x_wconf 92' lang='lat'><strong>.</strong></span> <span class='ocrx_word' id='word_1_173' title='bbox 2023 5064 2171 5143; x_wconf 81' lang='lat' dir='ltr'><strong>Kk</strong></span> <span class='ocrx_word' id='word_1_174' title='bbox 2493 5124 2509 5133; x_wconf 78' lang='lat'>-</span> <span class='ocrx_word' id='word_1_175' title='bbox 3207 5060 3314 5135; x_wconf 79' lang='lat' dir='ltr'><strong>At</strong></span> 
     </span>
    </p>
   </div>
  </div>
 </body>
</html>
