4775 6000
1403 519 1896 599 LrssER
1997 518 2789 621 QurN‘rUS.

1646 875 1796 952 LX
1821 877 1887 952 X
1913 877 1970 956 1.
2039 877 2149 953 De
2199 869 2522 978 Pompejo.

911 1192 1335 1288 Pompeium
1389 1195 1696 1292 spedtate
1742 1195 2039 1287 ducem,
2090 1200 2209 1294 qui
2262 1199 2401 1274 tela
2452 1207 2859 1302 gubernans

915 1322 1418 1412 Ausonidum,
1469 1321 1754 1396 domitis
1811 1323 2088 1420 peperit
2139 1326 2266 1400 fibi
2314 1348 2575 1405 nomen
2630 1331 2903 1414 Isauris.

913 1449 1108 1524 Hinc
1157 1448 1342 1544 pede
1391 1446 1782 1525 barbaricas
1831 1450 2052 1524 calcat
2099 1451 2374 1528 vistore
2417 1457 2867 1554 machaeras,

919 1574 1065 1649 Hic
1119 1571 1459 1648 famulare
1511 1573 1758 1668 iugum
1807 1575 2078 1670 magnis
2129 1578 2532 1652 cervicibus
2581 1584 2708 1656 alti

911 1698 1252 1796 Imposuit
1303 1697 1570 1788 Tauri,
1623 1699 1964 1796 legesque
2012 1701 2361 1798 inscripfit
2406 1703 2685 1780 heriles.

923 1825 1065 1900 Hic
1112 1824 1472 1922 quondam
1516 1824 1721 1915 jubar
1773 1825 1967 1900 orbis
2015 1844 2213 1919 erat,
2259 1828 2352 1902 de
2400 1831 2741 1927 sanguine
2790 1836 2997 1935 cujus

911 1951 1159 2026 Fluxit
1207 1949 1550 2024 Anastafii
1597 1948 1888 2026 divinus
1936 1951 2284 2046 principis
2336 1967 2561 2030 ortus.

913 2066 1096 2152 Rem
1150 2075 1343 2149 dedit
1392 2075 1748 2148 auctorem
1797 2091 2046 2168 magna
2099 2074 2171 2146 se
2217 2094 2433 2170 gente
2483 2095 2797 2156 creatum

903 2201 1360 2300 sceptriger,
1407 2198 1556 2295 ipse
1605 2199 1812 2271 etiam
1864 2217 2025 2273 nam
2076 2198 2220 2272 vim
2265 2202 2629 2302 confregit
2678 2199 3007 2288 Isauramss

1612 2519 1678 2594 L
1699 2519 1768 2600 X
1793 2520 1862 2597 X
1885 2517 1994 2597 11.
2060 2519 2172 2594 De
2220 2521 2525 2600 Homero.

1135 2707 1162 2760 ⁸1

749 2940 758 2950 ὁ
915 2843 1124 2920 Alter
1175 2841 1534 2916 Homerus
1584 2837 1825 2929 adest,
1874 2857 2076 2930 non,
2124 2853 2208 2914 ut
2251 2859 2464 2931 reor,
2514 2843 2637 2916 ille
2682 2846 2958 2922 Melete

905 2969 1384 3067 Progenitus,
1432 2963 1782 3061 cuiusque
1834 2962 2088 3041 bibunt
2137 2963 2228 3038 de
2273 2965 2484 3043 fonte
2528 2973 2818 3066 poetae,

911 3095 1054 3171 Sed
1103 3114 1314 3191 quem
1369 3092 1690 3167 Threicii
1740 3090 1966 3184 Myro
2015 3112 2248 3189 prope
2295 3093 2543 3171 littora
2590 3100 2803 3195 ponti

911 3219 1160 3295 Edidit
1210 3222 1284 3293 in
1334 3220 1562 3293 lucem
1615 3216 2010 3309 Byzantia,
2060 3238 2272 3313 quem
2321 3220 2539 3295 modo
2586 3240 2831 3301 natum

915 3350 1200 3435 Heroos
1247 3345 1437 3439 ipsae
1487 3362 1819 3418 numeros
1868 3343 2183 3415 docuere
2235 3344 2693 3439 Camoenae;

915 3473 1046 3548 Ille
1093 3470 1351 3545 etenim
1377 3466 1662 3541 -cecinit
1711 3464 1994 3539 sublimi
2039 3466 2252 3563 digna
2278 3466 2671 3560 cothurno,

909 3597 1324 3675 Nobilitans
1369 3594 1654 3692 tragicis
1705 3590 1996 3687 patriam
2047 3590 2444 3687 Byzantida
2490 3595 2738 3673 Mutis.

1635 3913 1698 3991 L
1717 3913 1789 3990 X
1811 3912 1846 3987 Ι
1867 3913 1979 3989 ΙΙ.
2043 3914 2162 3989 De
2211 3913 2517 4011 Virgilio.

917 4236 1237 4312 Auribus
1281 4234 1400 4310 hic
1450 4234 1614 4310 olor
1661 4236 1763 4311 est
1812 4233 2074 4311 cecinit
2125 4234 2251 4333 qui
2299 4232 2507 4341 dulce
2558 4233 2831 4313 Latinis

912 4363 1261 4461 Virgilius
1309 4362 1488 4437 felix
1533 4363 1789 4454 animi,
1838 4380 2096 4460 quem,
2145 4360 2446 4437 maxime
2478 4362 2741 4439 Tibris
2765 4415 2796 4457 ,
2940 4450 2951 4461 ο

907 4490 1186 4587 Lingua
1233 4488 1365 4567 tibi
1415 4489 1742 4567 Romana
1787 4510 2063 4570 novum
2108 4488 2455 4587 produxit
2505 4488 2922 4567 Homerum.

786 5018 1252 5107 -Tom.HL
2103 5018 2164 5099 F

3338 551 3445 632 ⁴1

3294 5028 3367 5107 Τ
3386 5032 3461 5107 1-
