4775 6000
1439 510 1938 590 LIBER
2037 507 2839 609 QUINTth..
3427 537 3483 630 9

1680 769 1754 846 V
1778 770 1936 848 111.
2001 769 2114 846 De
2169 766 2546 858 Calchante.

793 977 798 980 ’
950 989 1302 1088 Egregius
1350 1005 1585 1069 vatum
1636 1011 1844 1070 natus
1893 994 1982 1069 de
2037 995 2388 1070 Thestore
2442 991 2742 1072 Calchas

957 1117 1366 1208 Lymphato
1414 1119 1648 1194 fimilis
1693 1137 1924 1195 tamen
1975 1119 2169 1195 intus
2217 1120 2364 1194 fata
2412 1122 2773 1197 recondit:

951 1244 1098 1318 Seu
1147 1243 1473 1318 Danafim
1519 1245 1852 1320 miserans
1899 1245 2076 1318 mala
2128 1245 2225 1320 ob
2269 1243 2753 1342 impendentia
2800 1258 3133 1344 gentem,

957 1371 1126 1445 Sive
1176 1372 1560 1466 Mycenaei
1610 1390 1934 1446 metuens
1987 1371 2114 1446 fibi
2161 1373 2348 1468 regis
2398 1373 2486 1447 ab
2530 1371 2656 1446 ira.

1705 1597 1852 1674 IX.
1922 1594 2031 1668 De
2070 1543 2315 1690 Pyrrho
2351 1597 2461 1689 qui
2492 1590 2579 1678 ὅ*

1832 1719 2315 1816 Neoptolemus.
2616 1730 2647 1760 ““

951 1945 1211 2040 Aspice
1260 1946 1388 2042 qui
1431 1959 1698 2040 patrem
1749 1943 1956 2019 saetis
1999 1942 2310 2018 imitatur
2359 1943 2743 2036 Achillem,

959 2073 1492 2168 Magnanimum
1543 2070 1948 2146 Aeaciden:
2002 2069 2280 2145 hostilia
2327 2073 2608 2146 moenia
2656 2073 2957 2170 flagrant

959 2199 1153 2272 Ecce
1201 2219 1444 2274 manus
1489 2218 1791 2296 aequare
1841 2196 2037 2270 solox
2093 2196 2567 2292 prohibentur
2614 2199 2703 2274 ab
2748 2213 2937 2280 arte-

961 2325 1158 2421 Quae
1210 2323 1484 2398 nudum
1535 2323 1816 2400 statuit.-
1872 2321 2128 2396 sursum
2176 2338 2413 2399 tamen
2461 2321 2725 2400 arduus
2773 2344 2935 2400 acre

958 2449 1291 2549 Spectat,
1336 2451 1413 2532 in
1464 2447 1710 2524 Iliacas
1759 2447 2016 2522 oculos
2065 2467 2199 2523 ceu
2251 2445 2493 2548 dirigit
2538 2471 2759 2530 arces·

1599 2673 1696 2747 X.
1763 2669 1876 2744 De
1921 2672 2269 2770 Amymone
2319 2671 2555 2748 Danai

2013 2797 2197 2892 filia.

959 3028 1099 3105 Hic
1149 3023 1345 3099 sedet
1364 3070 1391 3114 ,
1446 3018 1521 3094 ὅτ,
1567 3016 1890 3093 manibus
1940 3016 2163 3094 roseis
2207 3038 2249 3093 a
2299 3020 2570 3097 vertice
2602 3034 2799 3097 retro

965 3147 1269 3247 Stringit
1315 3152 1723 3241 Amymone
1771 3145 2044 3240 sparsos
2091 3146 2237 3223 fine
2284 3147 2448 3243 lege
2494 3145 2836 3242 capillos:

956 3264 1225 3357 Fron'te
1272 3274 1394 3351 scd
1440 3270 1702 3347 intecta
1749 3270 1970 3367 longe
2018 3270 2142 3346 sua
2189 3274 2454 3351 lumina
2494 3274 2762 3365 mittit,

891 3421 902 3430 ·
960 3409 1040 3483 Si
1094 3404 1331 3495 videat
1373 3397 1740 3471 dominum
1785 3398 1993 3470 maris
2039 3396 2429 3473 adventare
2476 3388 2823 3473 miritum.

1797 3620 1948 3697 XI.
2003 3616 2114 3696 De
2165 3622 2495 3720 Neptuno.

959 3854 1124 3929 Nec
1169 3846 1429 3945 procul
1474 3846 1624 3942 ipse
1676 3844 1886 3944 Jox'ds
1948 3844 2150 3921 nudo
2201 3867 2362 3921 cum
2416 3836 2723 3945 ccrpore
2770 3845 3039 3940 frater,

965 3974 1275 4077 Horrida
1323 3972 1595 4049 velatus
1641 3970 1938 4047 demiffis
1995 3974 2304 4049 crinibus
2352 3993 2519 4061 ora,

965 4099 1318 4189 Advenit,
1364 4118 1724 4195 aequoreo
1771 4097 2022 4174 vestus
2076 4098 2445 4196 Delphine
2494 4118 2622 4193 per
2671 4095 2983 4189 undass
3048 4173 3061 4183 ,

964 4204 1066 4307 Et'
1110 4228 1238 4304 fibi
1282 4223 1578 4299 dilectae
1621 4224 1767 4301 fert
1815 4223 2003 4299 dona
2049 4223 2311 4323 iugalia
2361 4222 2773 4322 Nymphae.

1771 4448 1848 4525 X
1871 4446 1902 4523 1
1923 4448 1984 4524 Ι.
2052 4390 2163 4522 ῥα
2211 4448 2492 4547 Sappho.
2594 4565 2602 4571 .

959 4652 1100 4731 Hic
1143 4648 1294 4744 apis
1340 4642 1708 4719 Aonidum
1755 4644 1859 4717 nil
1907 4660 2106 4721 moto
2149 4615 2457 4741 corpcre
2511 4642 2761 4720 Lesbis

821 4789 830 4797 '
958 4772 1200 4853 Docta
1250 4770 1448 4847 sedet
1498 4786 1752 4861 vates3
1795 4786 2286 4869 quantumque
2335 4792 2431 4847 ex
2484 4789 2609 4844 ore
2657 4764 2903 4844 videre
2948 4768 3102 4862 est,

960 4903 1202 4980 Dulce
1248 4914 1452 4997 parat
1497 4917 1778 4977 carmen
1823 4895 2192 4979 taciturnis
2243 4898 2503 4989 enthea
2550 4896 2806 4975 Mufis.

777 5128 788 5135 ⁹
867 5026 1298 5113 Tou-111.
2127 5115 2137 5140 ι
2269 5022 2332 5099 Β
2910 5054 2917 5063 ·
3244 5019 3505 5106 XIII.
