4775 6000
817 503 1986 674 CORNELIO
2047 497 2549 663 VAN
2638 497 3553 669 LENNEP.

2035 994 2304 1086 ΕΤ

968 1346 2241 1559 DANIELI
2384 1333 3385 1606 HOQFT
3546 1517 3677 1588 „

1601 1889 2781 1998 AMICIS

1957 2303 2086 2439 S.
2231 2305 2419 2438 D.

763 2729 2338 2900 HIERONYMUS
2412 2729 2699 2934 DE
2771 2723 3547 2877 BoscH.

827 3152 1413 3349 Magnum
1425 3233 1626 3336 sane
1655 3229 2276 3418 &lpraeclarum
2332 3260 2605 3321 nomen
2656 3198 3015 3317 amicitia
3054 3226 3163 3336 est
3186 3293 3214 3333 ‚
3270 3230 3365 3315 de
3408 3248 3568 3337 qua

831 3348 1026 3452 quid
1042 3343 1581 3445 judicaverint
1614 3364 1748 3421 mu
1777 3348 1842 3421 ti
1875 3350 2068 3423 dom·
2105 3346 2201 3431 ἐφ’
2231 3346 2338 3454 sb
2389 3350 2629 3432 ientes
2683 3348 2840 3431 viri
2850 3408 2877 3450 ‚
2936 3344 3348 3428 memoriae
3382 3358 3575 3451 pro-

837 3455 1088 3539 ditum
1121 3448 1240 3557 est.
1356 3452 1666 3535 Horum
1697 3453 1880 3533 bene
1917 3452 2286 3561 disputan
2343 3458 2373 3534 i
2395 3455 2864 3556 facultatem
2906 3458 3395 3539 admirantes
3433 3474 3574 3534 nos

837 3567 1072 3649 etiam
1094 3627 1120 3665 ‚
1181 3589 1355 3647 cum
1383 3566 1590 3647 domi
1623 3580 1764 3645 aut
1785 3564 1871 3646 in
1905 3564 2154 3651 bortis
2171 3584 2334 3645 una
2357 3559 2686 3669 essemus
2706 3622 2733 3664 ,
2790 3562 2885 3643 de
2908 3586 2999 3645 ea
3032 3588 3147 3665 re,
3182 3587 3380 3671 quae
3398 3582 3575 3647 tan-

839 3678 947 3760 tis
1005 3676 1714 3786 opportunitatibus
1778 3675 2236 3758 abundabat
2270 3736 2296 3778 ‚
2355 3673 2675 3783 saepius
2733 3668 2977 3779 nostro
3034 3676 3249 3757 modo
3286 3674 3570 3781 sumus

840 3787 1080 3871 locuti
1095 3816 1125 3885 ‚-
1163 3790 1372 3893 quod
1397 3788 1706 3893 quidem
1735 3812 1814 3869 eo
1847 3786 2240 3870 lubentius
2262 3784 2758 3894 faciebamus
2778 3849 2805 3891 ‚
2840 3786 3206 3895 quoniam
3242 3786 3330 3869 in
3350 3786 3574 3889 fiem-

840 3925 972 3984 ma
994 3896 1562 4005 familiaritate
1598 3900 1765 4003 ejus
1789 3897 2104 4008 fractius
2139 3914 2581 4008 caperemus
2618 3899 3073 3983 uberrimos,

955 4009 1179 4093 Inter
1233 4036 1492 4110 omnes
1525 4026 1786 4094 autem
1805 4072 1830 4111 ,
1889 4011 2025 4118 qui
2059 4012 2152 4093 de
2185 4010 2544 4093 amicitia
2572 4013 3067 4093 commentati
3086 4009 3287 4117 sunt
3304 4074 3329 4115 ‚
3389 4032 3575 4094 auc-

797 4209 807 4215 ,
843 4138 1050 4205 tores
1085 4122 1303 4205 nobis
1317 4122 1628 4231 semper
1652 4140 1835 4206 ante
1873 4123 2122 4205 oculos
2173 4120 2633 4233 versabatur
2686 4122 3037 4206 divinum
3076 4121 3283 4207 illud
3315 4122 3439 4206 M,
3486 4121 3571 4208 Τ.

847 4234 1248 4315 Ciceronis
1303 4236 1700 4339 ingenium
1713 4296 1740 4331 ,
1798 4236 1935 4343 qui
1982 4233 2140 4341 sub
2177 4233 2517 4344 perstma
2567 4232 2833 4317 Laelii
2886 4239 3005 4318 ita
3062 4236 3161 4318 de
3210 4259 3301 4318 ea
3358 4236 3577 4347 diffe-

845 4346 1019 4428 ruit
1037 4408 1062 4445 ‚
1123 4360 1216 4426 ut
1251 4368 1454 4428 unus
1487 4372 1528 4429 e
1547 4346 1816 4431 multis
1853 4344 1948 4431 δέ
1976 4347 2374 4431 amicitiae
2406 4348 2577 4431 vim
2621 4344 3100 4454 intellextffie‚
3134 4364 3368 4454 atque
3403 4347 3577 4449 ejus

667 4497 678 4507 ·
848 4459 1282 4540 ubertatem
1343 4480 1438 4539 ac
1475 4458 1987 4569 necessitatem
2027 4459 2216 4543 aliis
2269 4454 2681 4571 exposutffe
2697 4521 2723 4559 ,
2766 4456 2872 4566 sit
2912 4458 3251 4543 habitus.
3364 4454 3581 4540 Hae·
3714 4478 3723 4486 ·

850 4586 1032 4651 rent
1080 4565 1332 4673 infixa
1367 4570 1656 4654 animis
1677 4572 1979 4679 summi
2013 4568 2320 4655 dicendi
2375 4564 2731 4677 magistri
2752 4586 3177 4681 praecepta
3194 4632 3222 4671 ‚
3278 4569 3418 4677 qui
3450 4570 3581 4653 hic

855 4679 1059 4765 nihil
1076 4677 1380 4786 ficium,
1439 4680 1642 4764 nihil
1653 4682 2107 4791 stmulatum
2125 4744 2153 4785 ‚
2175 4681 2329 4790 fied
2355 4683 2737 4791 quidquid
2770 4680 2945 4793 efflet
2964 4744 2991 4784 ‚
3028 4708 3295 4766 verum
3336 4678 3431 4764 ἐξ
3462 4707 3581 4765 νο-

856 4794 1317 4877 luntarium.
1356 4790 1494 4902 effe
1552 4794 1844 4880 volebat
1861 4856 1886 4896 ‚
1963 4796 2104 4905 qui
2119 4856 2147 4899 ,
2221 4795 2435 4901 quod
2469 4810 2625 4903 per
2690 4812 2933 4879 totam
2984 4792 3579 4907 disputationem

857 4906 1200 5104 mazime
1251 4923 1536 5099 ηνῗίιει
1558 4969 1586 5014 ,
1670 4908 1820 5019 mfi
1855 4910 1942 4995 in
1996 4906 2217 4996 bonis
2257 4907 2705 5067 ⁴'amicitiam
2760 4902 2896 5019 effi
2950 4932 3103 4992 non
3138 4902 3343 5019 poffb
3398 4901 3585 5014 fin·

1069 5042 1121 5102 o
1145 5042 1240 5104 u.
1330 5024 1359 5100 1
1441 5076 1464 5102 .
2295 5102 2305 5108 ,
3458 5018 3597 5103 tie-
