4775 6000
1315 559 1816 647 mnan
1913 562 2593 656 saxa-vs,
3184 517 3351 684 1'07-

799 785 988 862 Cum
1033 799 1152 862 tua
1203 781 1571 882 definiant
1609 801 2116 878 nemmem,
2163 805 2309 884 quo
2352 799 2531 869 mihi
2559 801 2772 882 seius

893 911 1272 1006 Muneris,
1325 911 1520 986 hunc
1569 909 1777 988 etiam
1827 925 1910 984 tu
1960 911 2136 1004 tibi,
2189 913 2404 1012 diva,
2448 936 2650 1016 cape.

1450 1231 1614 1312 JV.
1721 1214 2542 1336 Lucrau12‘

1767 1394 1848 1468 de
1901 1393 2153 1473 eadem.
2426 1356 2449 1373 η

782 1691 984 1790 Quae
1032 1689 1186 1764 fera
1229 1683 1542 1766 scutiferi
1589 1681 1951 1762 devicerat
1998 1681 2275 1782 agmina
2330 1683 2585 1781 Medi,

878 1815 1086 1891 Lai’di
1132 1815 1480 1891 formosae
1537 1811 1840 1888 Graecia
1885 1809 2149 1905 praeda
2193 1809 2353 1885 fuit.

779 1942 986 2018 Hanc
1037 1960 1330 2036 quoque
1380 1938 1646 2013 devicit
1696 1936 2016 2031 senium3
2065 1957 2264 2012 nunc
2313 1937 2437 2012 dat
2486 1939 2667 2036 tibi,
2712 1923 3000 2044 Cypri,

874 2064 1216 2141 Indicium
1266 2064 1408 2137 hoc
1457 2062 1674 2139 facies
1723 2062 1924 2160 quod
1969 2061 2310 2159 juvenilis
2351 2077 2563 2140 amat.

784 2190 1078 2290 Quippe
1119 2186 1293 2263 suos
1342 2187 1523 2262 adeo
1568 2185 1907 2262 formidat
1955 2187 2184 2264 visere
2239 2197 2511 2282 canos;

873 2318 1030 2412 Ipsa
1075 2317 1276 2407 facit,
1329 2315 1518 2390 vitro
1567 2331 1750 2412 quae
1795 2314 2006 2389 datur
2049 2313 2347 2406 umbra,
2398 2331 2688 2393 metum.

1235 2634 1333 2711 V.
1408 2635 1978 2709 AnrrrAra
2019 2655 2102 2727 1,
2171 2635 2641 2718 Sinonrr.

767 2921 990 3001 Hunc
1036 2921 1336 3013 radium,
1392 2920 1610 2995 solata
1656 2919 1801 2995 fuit
1852 2939 2066 3021 quem
2113 2878 2424 3001 carmine
2475 2921 2725 3021 mtto,

865 3050 1119 3127 Sancta
1169 3050 1550 3139 Minerva,
1601 3033 1745 3123 tibi
1784 3050 1906 3125 dat
1955 3048 2159 3127 fimis
2210 3063 2399 3125 arma
2448 3048 2665 3148 strae,

761 3178 1058 3273 Resque
1109 3190 1260 3252 tuas
1312 3176 1440 3251 tibi
1493 3176 1666 3249 dicit
1716 3160 1946 3250 habe·
1995 3175 2286 3254 vidum
2331 3178 2557 3257 cubili

857 3304 1038 3379 Bina
1082 3316 1333 3399 quater
1380 3302 1568 3375 vitae
1618 3320 1963 3395 computo
2012 3302 2234 3377 lustra
2283 3322 2533 3391 meae,

757 3430 977 3507 Dona
1021 3446 1144 3501 tua
1187 3425 1445 3522 abjicio
1471 3478 1498 3517 ,
1555 3412 2004 3522 Venerisque
2049 3440 2376 3501 revertor
2425 3426 2517 3502 ad
2558 3428 2803 3510 aetus:

859 3557 1032 3632 Plus
1083 3554 1285 3629 annis
1332 3553 1406 3629 in
1456 3571 1567 3625 me
1615 3570 1920 3647 namque
1973 3548 2270 3648 Cupido
2321 3553 2537 3630 valet.

1419 3870 2393 3999 v1.1n‘c1;111·1‚

1553 4031 1844 4147 equsciem
1889 4034 2282 4129 argumenti.

732 4307 972 4404 'Hunc
1019 4324 1324 4417 radium,
1373 4337 1625 4401 tenues
1673 4324 1962 4401 solitum
2002 4342 2424 4423 percurrere
2468 4330 2689 4424 telas,

754 4514 760 4521 .
841 4454 1112 4531 Palladi
1158 4474 1350 4531 nunc
1403 4451 1602 4529 Bitto
1647 4452 1976 4546 dedicat,
2023 4471 2212 4527 arma
2261 4452 2512 4550 famis,

753 4582 1091 4659 Artifices
1141 4582 1342 4655 lanae
1397 4580 1654 4655 mulier
1695 4580 2012 4676 pertaesa
2055 4582 2338 4659 labores
2362 4633 2394 4676 ,

847 4698 948 4782 Et
998 4721 1496 4821 percurrentes
1546 4704 1836 4783 stamina
1878 4708 2042 4785 laffa
2083 4727 2359 4783 manus.

745 4832 866 4909 Da
913 4834 1239 4926 veniam,
1291 4832 1516 4925 dixit,
1569 4831 1947 4912 Tritonia.
2006 4832 2372 4932 Cypridos
2420 4835 2619 4911 acius

843 4960 1232 5056 Praefer03
1275 4960 1614 5060 judicium
1664 4962 1768 5042 est
1812 4962 1956 5043 hoc
2004 4962 2228 5060 mihi,
2277 4960 2477 5065 quod
2525 4960 2784 5044 Paridi.

1831 5090 1902 5167 O
1945 5114 1994 5166 2
3038 5093 3178 5173 VI
3199 5096 3262 5171 1.
