4775 6000
1983 529 2376 656 (ν.)

831 815 842 854 ;
925 763 1112 862 Tota
1151 763 1394 872 prius
1433 775 1786 856 naturae
1827 757 2128 864 nostrae
2169 757 2461 844 indoles
2492 774 3011 850 convertatomr⁴
3028 821 3055 863 ,
3116 771 3349 867 atque
3364 819 3392 862 ,
3450 771 3595 860 uti

804 877 927 962 ita
981 880 1238 961 dicam
1262 938 1288 977 ,
1348 871 1966 982 transformetur
2000 867 2274 978 neceffi2
2321 869 2421 978 est
2440 935 2467 976 ‚
2524 897 2757 984 quam
2778 872 2855 979 β
2882 894 3027 976 aaz,-
3076 895 3231 980 qua
3254 869 3537 976 sumus

803 1006 1062 1076 aetate
1078 1051 1105 1093 ,
1163 987 1332 1070 ulla
1351 1005 1362 1012 ·
1381 1010 1508 1070 res
1549 986 2025 1071 intercedere
2043 979 2267 1092 pofflt
2288 1047 2312 1085 ,
2375 1009 2575 1090 quae
2606 989 2698 1068 de
2725 982 3069 1095 pristina
3113 979 3373 1088 nostra
3412 984 3537 1062 be-

804 1101 1244 1186 nevolentia
1303 1099 1423 1186 vel
1467 1099 1888 1206 quidquam
1929 1096 2150 1180 limet
2186 1111 2328 1178 aut
2363 1099 2735 1180 detrahat
2757 1124 2787 1179 .·
2843 1096 3107 1204 Atque
3144 1099 3282 1178 hoc
3306 1093 3541 1202 padio

675 1285 692 1300 .
801 1239 954 1296 non
977 1215 1209 1296 modo
1235 1211 1418 1320 spes
1457 1211 1784 1320 affulget
1803 1207 1982 1315 fore
2001 1269 2026 1310 ‚
2087 1222 2178 1288 ut
2211 1210 2324 1290 ad
2345 1225 2779 1292 extremum
2814 1211 3077 1312 vitae,
3132 1207 3344 1314 'quod
3371 1221 3545 1288 tam

802 1322 1107 1432 difficile
1159 1320 1296 1431 effii
1353 1324 1532 1418 oli-m
1593 1317 2084 1427 existimabat
2123 1319 2378 1428 Scipio
2397 1381 2425 1418 ‚
2468 1318 2745 1430 futuri
2782 1319 3025 1430 simus
3062 1319 3355 1416 amici,·
3395 1315 3549 1423 sed

802 1434 1288 1545 certiffimam
1323 1461 1492 1520 rem
1531 1431 1670 1545 effe
1693 1433 1934 1544 plane
1967 1435 2357 1519 denuntia
3394 1439 3403 1446 ’

918 1548 1206 1656 „Quare
1219 1609 1242 1646 ‚
1289 1548 1376 1654 fi‘
1399 1549 1598 1640 idem
1650 1547 1904 1656 Scipio
1923 1543 2124 1652 fuae
2147 1609 2170 1646 ,
2231 1571 2466 1654 quam
2508 1571 2681 1631 cum
2707 1545 2981 1630 Laelio
3001 1559 3563 1643 contraxerat‚.

791 1659 1396 1771 familiaritatis
1439 1660 1892 1742 memoriam
1913 1655 2477 1766 sempiternam
2512 1657 2603 1742 &⁹
2648 1658 2791 1770 ipsi
2798 1657 3241 1769 posteritati
3277 1675 3543 1742 notam

791 1773 975 1882 fore
1029 1771 1540 1879 defideraret,·
1599 1771 1772 1876 Ego
1792 1834 1817 1869 ‚
1881 1772 2186 1877 quinon
2225 1773 2564 1856 minores
2602 1796 2835 1880 quam
2870 1773 3133 1882 Scipio.
3164 1787 3306 1854 aut
3338 1767 3543 1852 Lae·

806 1887 961 1968 lius
992 1884 1293 1990 glorior
1331 1887 1614 1978 habere
1647 1884 1934 1966 amicos
1955 1945 1981 1984 ,
2042 1881 2370 1988 finerem
2414 1885 2583 1967 tria
2614 1886 3045 1968 amicorum
3067 1947 3093 1983 ‚
3155 1881 3421 1991 quales
3456 1883 3551 1963 in·

809 1999 1018 2078 omni
1069 1997 1550 2094 antiquitate
1583 1997 1718 2082 vix
1738 1997 2260 2084 „inueniuntur
2279 2061 2304 2100 ,
2351 1999 2671 2082 nomina
2712 2000 2981 2103 ignota
3015 1993 3152 2106 effe
3164 1991 3543 2106 posteris?

809 2099 1558 2210 nunquamprofeito
1582 2101 1810 2198 illud,
1851 2124 1998 2204 quo
2021 2109 2336 2212 semper
2367 2128 2565 2208 erga
2582 2132 2725 2189 vos
2746 2109 2885 2211 sui
2908 2110 3169 2190 animo
3197 2172 3217 2205 ‚
3350 2108 3543 2190 tiar.

832 2268 840 2279 ·
921 2217 1080 2314 Sed
1105 2213 1282 2319 quis
1303 2237 1440 2318 ego
1475 2211 1717 2320 sum?
1763 2207 1838 2317 st
1863 2213 2060 2318 quid
2075 2213 2579 2323 scripserim,
2628 2219 2837 2324 quod
2850 2213 3068 2322 forte
3108 2124 3541 2320 noffirum

809 2328 1204 2413 hominum
1254 2326 1579 2415 auribus
1619 2323 2056 2432 placuerit,
2109 2350 2216 2408 an
2256 2329 2346 2410 id
2379 2330 2492 2410 ad
2528 2331 3033 2434 cognitionem
3060 2327 3547 2439 posteritatis

792 2454 1371 2554 perventurum
1415 2435 1521 2544 sit
1539 2499 1566 2539 ,
1627 2439 1932 2520 omnino
1994 2437 2380 2522 incertum
2442 2436 2590 2546 est,·
2646 2439 2813 2524 alia
2836 2441 3091 2546 igitur
3128 2459 3304 2528 erat
3342 2444 3551 2525 inve·

811 2553 1098 2640 nienda
1169 2549 1298 2634 via
1337 2611 1362 2650 ,
1441 2569 1600 2657 qua
1641 2549 1881 2638 ,illud
1891 2610 1917 2652 ‚
1977 2551 2182 2657 quod
2233 2569 2636 2663 tantopere
2680 2569 3029 2664 cuperem
3053 2614 3078 2655 ‚
3137 2549 3557 2666 praestare·

794 2665 1075 2777 poffem
1135 2659 1228 2746 ἐξ
1281 2664 1671 2772 quodvper
1714 2687 1833 2744 me
1877 2664 2140 2746 minus
2175 2663 2443 2750 liceret
2462 2729 2489 2769 ‚
2546 2669 2637 2750 id
2655 2683 2813 2776 per
2831 2665 3231 2776 summum
3270 2669 3559 2751 virum·

810 2781 898 2868 H
922 2805 974 2859 u
998 2799 1198 2858 GoN
1222 2799 1364 2856 EM
1421 2775 1500 2856 G
1523 2799 1726 2858 Ro'r
1748 2801 1853 2858 1u
1877 2801 1947 2856 Μ
1989 2774 2328 2886 effectum
2361 2781 2791 2862 redderem.
2890 2779 3167 2885 Neque
3201 2781 3288 2862 in
3329 2803 3422 2861 ea
3458 2804 3559 2859 re

813 2915 935 2974 me
967 2882 1499 2995 frustrabitur
1525 2881 1738 2992 spes:
1791 2911 2008 2966 nemo
2047 2889 2253 2970 enim
2293 2887 2438 2990 est,
2464 2959 2473 2968 .
2499 2893 2635 2999 qui
2670 2890 3000 2988 dubitet,
3039 2891 3229 2994 quin
3278 2893 3546 2973 GRo-

812 3024 1068 3089 'MAN
1089 3026 1118 3080 1
1173 2998 1467 3102 ingenii
1487 2994 1813 3103 fruo‘i‘us
1849 2998 2084 3083 etiam
2119 3002 2633 3084 admiratura
2658 2999 2764 3110 sit
2792 2998 3199 3111 posteritas
3225 3064 3253 3101 .,
3313 2999 3407 3085 ἐξ
3442 3002 3553 3085 iis

813 3116 1194 3200 additura
1255 3111 1811 3210 monumenti-s,
1873 3134 2070 3217 quae
2121 3113 2304 3195 olim
2367 3114 2659 3197 Graeci
2720 3110 2811 3197 &⁹
2844 3112 3193 3197 Romani
3220 3114 3546 3224 relique·

813 3242 1010 3311 runt
1042 3285 1069 3324 ‚
1127 3248 1299 3304 cum
1339 3222 1441 3303 iis
1497 3219 1633 3305 vel
1643 3246 1660 3261 *·
1681 3223 2141 3307 inventionis
2188 3225 2481 3331 gloria,
2534 3224 2673 3309 vel
2694 3242 3113 3313 accuratae
3151 3225 3558 3313 dominae·

817 3329 1229 3436 diligentia
1264 3389 1290 3430 ,
1367 3321 1503 3407 vel
1572 3326 1950 3451 bonarum
1990 3348 2282 3419 ‘rerum
2339 3340 2555 3457 copia
2572 3402 2597 3441 ‚
2677 3340 2798 3422 vel
2846 3340 3171 3447 denique
3222 3336 3553 3450 stamma

799 3447 1250 3557 scripturae
1304 3436 1687 3543 elegantia
1723 3461 1816 3521 ac
1854 3435 2234 3539 venustate
2267 3442 2915 3549 consunch'fflmoS.

933 3550 1338 3661 Absolutis
1372 3550 1626 3653 igitur
1659 3550 1918 3633 trihus
1953 3551 2469 3658 Anthologiae
2513 3554 2903 3656 Graecae,
2946 3558 3046 3638 ab
3083 3559 3551 3644 Hucomz·

823 3672 904 3755 G
926 3698 981 3753 R
1002 3692 1124 3749 o‘r
1147 3689 1242 3747 ιο
1301 3658 1620 3744 Latinis
1661 3661 2006 3769 verfibus
2039 3664 2435 3764 redditae,
2472 3664 3032 3769 voluminibus,
3072 3666 3347 3775 facere
3383 3694 3539 3753 non

804 3775 1104 3894 poffum
1127 3838 1152 3878 ,
1209 3774 1408 3880 quin·
1451 3772 1662 3857 illud
1710 3790 1936 3882 opus,
1995 3778 2207 3880 quod
2245 3779 2469 3885 apud
2492 3775 2839 3888 posteros
2878 3779 3192 3891 semper
3242 3781 3403 3863 erit
3455 3782 3543 3863 i'n

824 3889 1128 3977 deliciis
1161 3883 1252 3969 ἐφ’
1303 3886 1518 3967 inter
1565 3884 1896 3993 instgnia
1951 3882 2443 3991 eloquentiae·
2468 3906 2705 3997 atque
2749 3888 3179 3998 industriae
3218 3890 3561 3999 censebi-

823 4021 962 4089 tur
1017 4013 1533 4105 argumenta,
1595 3999 1803 4080 vobis
1850 3995 2171 4106 offeram
2227 4026 2384 4083 non
2432 4000 2599 4109 stne
2632 4001 2956 4109 summa
2971 4000 3556 4112 fignificatione

823 4111 1126 4220 nostrae
1178 4124 1496 4193 mutuae
1533 4108 1983 4196 voluntatis.
2097 4110 2233 4193 Sic
2271 4112 2482 4223 enim
2498 4108 2699 4218 fieri
2720 4110 2929 4223 poffe
2948 4117 3392 4224 putabam,
3449 4132 3545 4199 ut

825 4222 1086 4331 nostra
1140 4218 1544 4322 amicitia,
1603 4220 2010 4325 conjuncia
2061 4246 2235 4303 cum
2297 4224 2689 4311 Gno‘rn
2730 4226 3084 4309 doctrina
3120 4226 3545 4333 &ingenii

812 4334 1294 4448 fertilitate,
1353 4332 1603 4413 etiam
1629 4329 1964 4442 posteris
1999 4332 2558 4441 innotesceret,
2618 4339 2831 4444 quod
2847 4334 2923 4446 si
2949 4335 3254 4446 fuerim
3297 4338 3549 4447 conse·

828 4463 1099 4544 cutus,
1157 4468 1276 4523 me
1315 4466 1470 4523 non
1517 4440 1834 4549 frustra
1875 4461 2152 4529 natum
2188 4442 2326 4555 effe
2366 4449 2855 4533 arbitrabor.
2974 4447 3357 4556 Tantum,
3396 4466 3563 4533 aut·

831 4558 1068 4641 etiam
1083 4554 1272 4665 plus
1309 4575 1544 4661 quam
1582 4552 1858 4663 neceffi’
1898 4553 2022 4663 esi,
2059 4558 2152 4639 de
2193 4558 2741 4667 consuetudine
2773 4556 3055 4667 nostra.

941 4670 1184 4751 Nunc
1232 4668 1323 4747 de
1358 4667 1495 4749 lzoc
1537 4665 1916 4751 volumine
1949 4672 2336 4772 agendum
2363 4734 2387 4774 ‚
2449 4673 2676 4781 quod,
2717 4696 2891 4753 cum
2930 4674 3225 4757 duobus
3245 4672 3555 4784 priori·

833 4784 977 4866 bus
1015 4778 1502 4880 conjunbium
1526 4840 1552 4882 ‚
1604 4778 2125 4887 Anthologiae
2177 4779 2679 4883 Planudeae‚
2736 4780 3033 4894 septem
3091 4784 3325 4870 libris
3378 4808 3552 4867 con·

814 4886 1286 5010 prehensae,
1345 4892 1691 4975 continet
1735 4892 2312 5055 epigramnzata
2333 4956 2359 4997 ,
2418 4922 2513 4983 ne
2574 4897 2679 4981 iis
2735 4896 3046 5007 quidem
3066 4893 3566 5013 pauciffl'mis‘·

2103 5043 2121 5057 ν
2191 5042 2200 5047 ·
2250 5030 2304 5113 3
3073 5064 3105 5081 »-
3436 5031 3587 5102 exe»
