4775 6000
1189 537 2761 644 ,LIB'ERSEPTIMUS.
3202 584 3363 664 277

1309 837 1922 929 CLXXXHJ.
2025 853 2064 926 1
2113 875 2170 928 N
2215 875 2261 928 c
2315 875 2365 928 ε
2416 873 2472 928 ιι
2528 874 2578 928 'r
2626 874 2684 932 1.

810 1109 1003 1188 vive
1047 1108 1312 1206 puella.
1369 1107 1446 1183 ὅτ
1497 1121 1604 1182 tu.
1661 1127 2007 1203 quaenam
2055 1109 2256 1183 venit
2303 1110 2483 1182 illa?
2536 1108 2711 1204 quid
2758 1109 2845 1184 ad
2896 1111 3019 1186 te?

906 1237 1084 1311 Non
1134 1251 1368 1310 tamen
1417 1235 1558 1309 hoc
1604 1233 1867 1308 frustra
1921 1235 2158 1311 scitor.
2210 1234 2378 1308 hera
2430 1233 2551 1306 illa
2601 1255 2754 1307 mea
2801 1237 2927 1310 est.

803 1356 1336 1459 Spesne-aliqua
1366 1362 1522 1436 est?
1576 1361 1746 1458 quid
1782 1359 1948 1434 vis?
1997 1357 2280 1434 noctem
2319 1361 2520 1435 volo,
2562 1360 2731 1458 quid
2768 1359 3013 1458 geris?
3060 1383 3334 1444 aurum.

901 1491 1112 1565 Sume
1163 1491 1504 1564 animum:
1561 1501 1836 1560 tantum
1887 1503 2058 1560 num
2109 1485 2364 1559 dabis?
2414 1487 2557 1562 hoc
2598 1487 2895 1564 nimium·
2937 1489 3064 1564 est.

1099 1741 1691 1856 CLXXXIV.
1809 1742 1984 1858 Arx
2041 1762 2096 1815 o
2142 1765 2194 1818 r.
2247 1765 2306 1818 rr
2362 1764 2413 1818 'r
2468 1767 2516 1822 A
2572 1767 2709 1842 ι]
2762 1773 2818 1828 1.

784 2008 996 2081 Alter
1046 2003 1508 2098 Menophiles
1553 2001 1656 2076 est
1703 1995 2056 2087 mundar,
2108 2021 2272 2072 cum
2322 1999 2553 2080 subat.
2608 2009 2787 2084 alter

879 2131 1068 2206 Cum
1116 2132 1384 2206 fruitur
1433 2127 1664 2224 plenis
1709 2125 1902 2220 pasta
1952 2123 2392 2206 libidinibus.

781 2257 1121 2336 Chaldaei
1166 2279 1398 2351 prope
1445 2273 1620 2328 tunc
1669 2250 2026 2325 accedite:
2079 2239 2344 2348 quippe
2394 2255 2719 2351 supernis

775 2362 780 2370 ’
874 2384 1203 2462 Partibus
1251 2384 1373 2456 illa
1419 2399 1665 2486 canem
1713 2395 1889 2455 tunc
1935 2379 2148 2454 habet
2199 2377 2274 2450 ὅτ.
2325 2381 2674 2478 geminos.

1157 2639 1704 2720 CLXXXV.
1803 2639 2693 2722 Parnonzux.

765 2903 967 2977 Bella
992 2876 1036 2994 ,³
1067 2919 1268 2974 meus
1313 2919 1468 2974 mos
1516 2895 1666 2990 est,
1723 2895 1798 2970 &
1849 2915 2155 2972 amorem
2204 2899 2503 2976 reddere
2548 2904 2861 2999 amanti,
3316 2795 3349 2967 l

855 3031 956 3111 Et
997 3030 1130 3129 qui
1179 3048 1292 3101 me
1337 3027 1618 3119 laedat,
1665 3025 1944 3101 laedere
1979 3026 2196 3105 dente
2253 3028 2463 3105 truci.
2570 3076 2586 3083 -

763 3158 953 3234 Cum
1003 3178 1074 3233 te
1121 3156 1305 3231 fidus
1353 3175 1626 3243 amem,
1678 3174 1812 3229 nec
1863 3174 1984 3265 me.
2024 3172 2459 3247 contemne,
2508 3176 2643 3232 nec
2688 3158 2763 3235 in
2813 3173 2893 3235 te

859 3283 1226 3374 Pieridas,
1266 3300 1570 3379 namque
1621 3278 1721 3353 est
1771 3278 1882 3351 his
1927 3279 2160 3373 gravis
2213 3280 2360 3371 ira,
2412 3303 2620 3359 voca.

758 3412 961 3489 Haec
1013 3411 1142 3485 tibi
1192 3409 1568 3483 clamabam
1618 3404 1878 3495 toties3
1929 3404 2049 3477 sed
2097 3406 2354 3482 inania.
2404 3426 2573 3482 nam
2612 3424 2687 3483 te
2762 3400 2781 3409 ’

861 3536 1038 3613 Non
1089 3554 1238 3610 erat
1289 3531 1476 3608 Ionii
1529 3530 1802 3603 surdior
1849 3529 2040 3603 unda
2087 3505 2321 3609 maris.

755 3664 958 3761 Ergo
1009 3680 1086 3737 tu
1129 3663 1390 3737 merito
1431 3677 1628 3750 nunc
1673 3658 1914 3751 ploras
1966 3656 2042 3731 ὅτ.
2087 3659 2357 3755 gemisz
2408 3676 2479 3735 at
2524 3682 2647 3737 me

847 3791 1154 3867 Pulcher
1200 3794 1410 3868 habet
1459 3803 1745 3863 tenerae
1797 3784 2077 3861 Naidos
2123 3806 2290 3861 ecce
2337 3788 2557 3867 finus.

986 4045 1586 4123 CLXXXVI.
1655 4044 2162 4139 Jurrnm,
2231 4044 2827 4138 Acerra-11,

1213 4227 1300 4281 ex
1336 4226 1578 4301 genere
1623 4202 2097 4301 praescitorum
2145 4204 2605 4307 Augustalium
2621 4264 2638 4287 .

845 4466 1034 4543 Cum
1084 4467 1439 4543 nesserem
1489 4488 1878 4561 coronam,
1929 4516 1937 4528 ι

831 4596 1030 4669 Inter
1083 4599 1271 4669 rosas
1321 4612 1677 4689 repertum

821 4721 1086 4795 Pennis
1135 4738 1385 4795 tenens
1431 4722 1772 4795 Amorem

823 4848 910 4920 In
961 4845 1202 4922 Liberi
1243 4849 1556 4944 liquore,

810 4974 1078 5069 Merfi,
1129 4976 1420 5074 hibique
1469 4991 1732 5055 totum.
2486 5015 2519 5081 3
3302 5058 3315 5077 ,

721 5118 738 5132 ·
1808 5102 1988 5180 Mm
2044 5122 2092 5201 3
2506 5166 2517 5173 .
3024 5106 3260 5185 Nune
