4775 6000
1096 575 1984 660 MANT1ssA
2089 575 2811 678 QUARTA:

879 791 1124 879 Fi'dem
1173 817 1522 880 exuentes
1564 804 1806 897 impiis
1856 803 2224 880 sententiis

876 930 1348 1006 Eliminantur
1399 931 1922 1025 transfugarum
1974 929 2290 1006 crimine.

875 1058 1024 1154 Qui
1071 1055 1437 1153 postquam
1485 1054 1574 1126 ad
1623 1056 1870 1130 urbem
1922 1057 2180 1154 regiam
2229 1061 2751 1157 confugerant,

879 1185 1053 1256 Non
1103 1181 1456 1256 desierunt
1508 1181 1687 1277 legis
1732 1181 2004 1256 hostem
2056 1183 2419 1260 insaniam.

871 1310 1072 1385 Haec
1117 1323 1418 1402 propter
1469 1325 1592 1380 ora
1641 1308 1856 1380 noxia
1903 1307 2012 1378 his
2061 1308 2238 1396 piffi
2288 1311 2481 1386 notis

865 1435 1185 1534 Rursum
1230 1433 1569 1530 jubentur
1613 1426 1858 1528 egredi
1903 1423 1990 1498 de
2040 1425 2332 1506 finibus.

907 1727 1184 1801 Illorum
1259 1723 1368 1817 qui
1413 1719 1628 1820 supra
1679 1693 2013 1792 memo'ran'
2059 1718 2130 1790 in
2178 1713 2407 1810 fronte
2451 1725 2815 1816 punam-um
2862 1734 2951 1808 ad

1057 1851 1470 1928 Methodium
1516 1847 1976 1924 Patriarcham
2023 1861 2419 1922 monumento
2462 1848 2799 1950 influsum.

857 2112 1030 2188 Tibi
1076 2125 1402 2183 mortuus
1453 2107 1574 2205 qui
1627 2107 1812 2183 vivis
1863 2107 1938 2181 &
1991 2104 2203 2186 vivos
2252 2105 2485 2200 facis,

849 2236 1070 2310 Coeli
1114 2237 1292 2308 colis
1343 2236 1464 2328 qui
1517 2235 1778 2326 templa
1828 2233 1998 2303 dum
2049 2245 2304 2303 terram
2355 2231 2571 2322 teris,

855 2358 1103 2436 vineti
1149 2359 1272 2462 ista
1325 2357 1568 2435 vinasto
1619 2358 1878 2453 scripta
1925 2355 2098 2431 dant
2144 2354 2390 2450 scripti
2437 2355 2605 2432 dun.

1499 2643 1904 2747 Responsum
1953 2643 2313 2723 Methodiz‘.
2474 2738 2482 2750 ἱ

693 2944 700 2952 ·
845 2913 1002 2992 Vos
1053 2913 1308 3010 scripta
1357 2925 1666 3007 quotum
1712 2905 2000 2981 nomina
2048 2906 2125 2982 in
2172 2905 2360 2981 coeli
2403 2905 2601 2986 libris
2624 2963 2654 3005 ,

808 3026 947 3115 'Et
987 3041 1193 3116 frons
1250 3038 1496 3112 colore
1543 3030 1732 3130 pidia
1777 3030 2270 3107 sanstimoniae

836 3165 1114 3245 Vivens
1163 3166 1480 3263 sepultus
1531 3156 1811 3239 vinetus
1853 3158 2033 3232 haec
2081 3157 2340 3236 vinffis
2377 3160 2679 3261 ioquor.

1080 3455 1172 3529 In
1219 3454 1528 3529 tumulum
1578 3445 2060 3545 constantinae·
2093 3452 2318 3525 uxoris
2365 3450 2690 3529 Maur-itii

1668 3577 2120 3673 Imperatoris.

729 3842 860 3916 Illa
907 3862 1045 3935 ego
1092 3840 1242 3916 sum
1289 3840 1598 3932 infelix,
1649 3862 1896 3938 regum
1940 3838 2156 3915 modo
2203 3838 2392 3915 dieta
2439 3840 2745 3919 duorum
2790 3850 2804 3863 ⁰

826 3968 1155 4039 Mauritii
1199 3967 1559 4059 conjunx,
1607 3967 1752 4041 filia
1807 3970 2118 4045 Tiberii:

731 4093 936 4191 Quae
983 4093 1200 4166 docui
1248 4093 1442 4165 foeta
1495 4091 1878 4165 numerosis
1927 4090 2273 4183 partubus
2317 4095 2485 4169 alvo

817 4220 901 4293 In
950 4220 1182 4293 multis
1227 4216 1517 4313 aliquod
1561 4219 1849 4315 regibus
1897 4218 2032 4291 effe
2085 4218 2397 4294 bonum:

723 4343 866 4421 Hic
915 4367 1074 4419 cum
1123 4347 1329 4439 prole
1378 4365 1532 4433 mea
1575 4344 1821 4440 jace0,
1874 4365 2036 4418 cum
2087 4342 2441 4441 conjuge:
2494 4342 2699 4453 causa
2743 4345 2847 4423 est

818 4472 1120 4547 Perfidia
1166 4474 1236 4547 in
1287 4472 1614 4569 popum,
1666 4471 2100 4569 militiaeque
2144 4470 2377 4545 furor.

728 4596 908 4672 Non
965 4600 1268 4675 Hecube
1317 4616 1454 4674 tam
1507 4598 1706 4672 saeva
1753 4598 1922 4673 tulit
1962 4599 2188 4687 mala,
2233 4620 2380 4673 non
2432 4598 2747 4691 Iocaste,

817 4722 930 4795 Ut
987 4728 1314 4817 Niobae,
1363 4724 1548 4803 vivit
1595 4724 1756 4819 post
1803 4744 1958 4797 mea
2003 4724 2147 4799 fata
2198 4724 2401 4799 cinis.

715 4847 833 4923 De
881 4868 1082 4942 patre
1133 4872 1525 4946 praetete0.
1627 4852 1767 4926 Sed
1813 4871 1942 4926 eur
1993 4872 2173 4945 rogo
2227 4851 2534 4951 pignora
2582 4852 2781 4931 caedi

653 4955 658 4963 '
810 4976 1078 5049 Addita
1123 4982 1212 5056 ab
1261 4979 1578 5059 humanis
1620 4976 1841 5055 libera
1887 4976 2228 5073 flagitiis?

490 5162 500 5171 .
609 5104 856 5185 Tou.
906 5104 1040 5180 ΙΙΙ.
1849 5104 2053 5181 Kkk
