4775 6000
1274 493 2756 581 LinERsEPTIMU&
3199 527 3348 606 1⁹3

1246 813 1527 892 XXV.
1629 759 2692 896 Ascnnpranae.

828 1073 1173 1150 Nannion
1228 1069 1303 1144 ὅτ.
1354 1069 1551 1146 Bitto
1606 1070 1875 1146 Samiae
1918 1073 2276 1147 celebrare
2322 1075 2653 1150 recusant

922 1198 1237 1294 Legibus
1282 1197 1391 1272 his
1445 1195 1799 1273 Venerem
1822 1249 1849 1288 ,
1895 1216 2069 1292 quas
2120 1197 2373 1273 Venus
2419 1197 2569 1292 ipsa
2616 1199 2859 1297 dedit,

828 1325 927 1400 Et
978 1324 1281 1418 cupiunt
1325 1341 1508 1418 quae
1555 1321 1667 1396 fas
1716 1341 1853 1396 nec
1898 1320 2163 1394 dicere.
2212 1337 2294 1394 tu
2345 1323 2686 1420 fugitivas

916 1447 1287 1524 Detestare
1336 1447 1445 1522 tui
1492 1444 1807 1520 foederis
1856 1445 2037 1516 alma
2087 1442 2371 1520 Venus.

1435 1698 1765 1778 XXVI.
1868 1697 2572 1795 Ejusnnm.

822 1963 1035 2038 Flore
1082 1961 1214 2034 suo
1268 1957 1581 2052 Didyme
1631 1973 1743 2028 me
1794 1951 2111 2048 surpuit:
2162 1953 2329 2030 inde
2380 1979 2520 2055 ego
2573 1975 2767 2036 totus

920 2088 1237 2182 Liquor,
1284 2100 1365 2158 ut
1408 2081 1715 2156 accenfis
1761 2078 1999 2152 addita
2044 2098 2205 2154 cera
2254 2080 2468 2157 focis.

822 2211 1055 2307 Nigra
1108 2209 1227 2284 sed
1274 2207 1399 2281 est.
1454 2205 1630 2302 quid
1679 2221 1829 2278 tum
1855 2205 1892 2276 2
1946 2205 2162 2278 carbo
2210 2225 2532 2302 quoque.
2581 2211 2634 2302 fi
2681 2226 2915 2294 tamen
2965 2217 3132 2318 igne

920 2338 1145 2412 Hunc
1192 2335 1495 2425 foveas,
1546 2331 1767 2405 roseis
1796 2323 2169 2406 ‘concolor
2212 2329 2313 2404 est
2364 2330 2586 2410 foliis.

1330 2585 1728 2665 XXVII.
1830 2587 1919 2663 M
1969 2609 2020 2663 n.
2072 2603 2223 2692 ιιι
2272 2608 2329 2664 A
2376 2609 2431 2664 o
2480 2577 2540 2665 ι’
2590 2613 2649 2667 r.
2697 2580 2795 2620 '··

821 2849 963 2923 Fac
1006 2865 1239 2921 curam
1259 2896 1286 2935 ,
1339 2862 1475 2940 qua
1520 2861 1633 2916 me
1681 2841 1930 2939 coquit
1986 2842 2375 2918 Heliodora
2397 2897 2424 2936 ,
2481 2844 2824 2944 Cupido,

916 2973 1284 3051 Dormiat:
1338 2974 1479 3045 hoc
1526 2967 1819 3063 supplex
1870 2985 1947 3043 te
1992 2989 2147 3043 mea
2193 2968 2410 3045 Musa
2455 2989 2686 3072 rogat.

816 3102 1009 3200 Juro
1051 3116 1217 3173 tuos
1270 3118 1513 3187 arcus,
1561 3097 1737 3170 alios
1784 3074 1913 3192 qui
1955 3094 2237 3171 laedere
2280 3096 2527 3173 nullos

922 3227 1105 3303 Cum
1158 3224 1477 3316 soleant,
1508 3224 1602 3327 ‘in
1642 3242 1763 3307 ,me
1813 3222 2103 3325 spicula·
2133 3224 2407 3318 semper
2454 3220 2786 3306 habent(

814 3352 892 3427 Si
935 3372 1066 3445 per
1116 3366 1186 3423 te
1236 3350 1537 3436 moriar,
1586 3346 1839 3442 scripta
1884 3348 2059 3421 haec
2106 3368 2244 3445 ego
2296 3352 2512 3426 verba
2559 3353 3000 3453 relinquatur

914 3478 1251 3573 Hospes,
1300 3477 1534 3548 Amor
1580 3491 1790 3569 quam
1837 3471 1922 3545 fit
1969 3488 2136 3547 trux
2186 3471 2594 3568 homicida,
2645 3478 2869 3559 vides.
3052 3454 3064 3473 ’

1114 3732 1572 3811 XXVIII.
1641 3736 2256 3822 Aen-run,
2334 3733 2885 3819 orum-orus.
2993 3706 3002 3713 ’

818 3991 1155 4094 Quisquis
1202 4014 1389 4069 amas
1441 3992 1732 4069 nimium
1782 3991 2149 4067 demittere
2199 3992 2514 4087 supplice
2565 3995 2708 4071 ritu

910 4120 1211 4209 Temet,
1263 4120 1339 4193 &
1387 4118 1479 4192 ad
1528 4120 1763 4193 servas
1809 4138 2021 4212 parce
2071 4118 2315 4192 venire
2364 4139 2641 4213 preces.

812 4242 958 4320 Sed
1008 4243 1269 4318 tollens
1319 4244 1591 4319 animos
1634 4242 1863 4318 oculis
1908 4244 2357 4337 parcentibus
2407 4244 2628 4339 ipsam

911 4368 1175 4465 Aspice
1224 4368 1299 4444 δι
1342 4366 1775 4462 intrepidum
1824 4369 2001 4443 tolle
2046 4368 2525 4464 supercilium.

814 4496 1134 4573 Feminei
1182 4495 1461 4593 generis
1508 4515 1663 4569 mos
1712 4494 1815 4568 est
1865 4492 2082 4569 odiffe
2132 4493 2519 4590 superbos,

912 4622 1013 4697 Et
1056 4622 1305 4697 ludum
1352 4619 1557 4695 fraffl
1606 4620 1838 4695 cordis
1888 4619 2145 4695 habere
2196 4621 2417 4697 viros.

756 4746 965 4847 Qui
1012 4746 1305 4823 sublime
1350 4745 1616 4845 aliquid
1670 4746 1869 4819 limul
1920 4746 1997 4819 dt
2046 4747 2432 4821 miserabile
2479 4748 2834 4845 praefert,
2942 4830 2962 4843 ,

906 4868 1103 4947 Inter
1150 4892 1491 4951 amatores
1530 4872 1601 4961 ,is
1648 4869 1819 4947 mihi
1865 4874 2137 4969 primus
2184 4872 2346 4950 erit.
2843 4923 2854 4935 -
3029 4924 3042 4933 ·
3395 4941 3404 4957 ,

692 4996 962 5099 June.
1014 4986 1169 5077 111.'
2024 4996 2157 5076 Bb
2990 5004 3315 5085 XXIX.
