4775 6000
1165 517 2056 604 MANTISSA
2161 521 2837 634 TERTIA.

801 753 1083 828 Natura
1132 750 1255 826 sed
1300 747 1543 844 divina
1590 767 1794 846 quem
1835 747 2212 844 pulchrum
2267 747 2465 826 sacit.

811 877 1004 952 Mihi
1055 876 1204 952 vita
1259 873 1631 966 Christus,
1677 893 2006 948 mortuus
2050 893 2260 950 carne
2305 877 2382 950 in
2432 895 2673 952 cruce.

811 993 1024 1080 Hanc
1076 1004 1270 1097 cujus
1316 1021 1544 1074 arcam
1597 999 1902 1073 Romuli
1948 1021 2074 1074 rex
2125 1000 2378 1096 imperi

808 1130 1120 1206 Pulcher
1171 1147 1434 1206 corona
1476 1126 1746 1223 fulgida
1793 1147 1888 1202 ex
1931 1127 2324 1206 virtutibus

805 1255 1186 1332 Pulchram
1233 1257 1372 1330 effe
1417 1253 1591 1328 fecit
1641 1256 1976 1348 gemmeis
2025 1255 2433 1351 fulgoribus

809 1381 1068 1458 vietor
1117 1400 1252 1479 per
1301 1380 1532 1473 ipsum
1583 1379 2042 1455 barbarorum
2091 1381 2170 1450 ἃ.
2219 1381 2665 1458 daemonum.

1557 1575 1727 1732 bag.
1801 1631 2236 1711 MCLXI.
2316 1661 2390 1734 3.

643 1947 648 1954 -
803 1898 951 1976 Dei
1001 1893 1328 1971 videntes
1377 1894 1568 1968 fasta
1619 1890 2160 1990 splendidiflim‘a

808 2024 932 2099 Ad
978 2023 1241 2116 templa
1291 2023 1480 2093 coeli
1529 2020 1798 2093 Iumina
1853 2019 1928 2093 δι
1979 2020 2243 2114 palmas
2292 2023 2497 2097 fimul
2620 2013 2635 2032 ‘

804 2150 1128 2244 Erigite,
1181 2165 1414 2218 rerum
1465 2141 1677 2218 laude
1730 2147 2173 2220 celebrantes
2221 2162 2555 2241 patrem,

749 2287 754 2294 ·
807 2276 962 2370 Qui
1010 2277 1232 2348 robur
1279 2272 1534 2366 ingens
1584 2286 1802 2365 atque
1851 2270 2192 2344 virtutem
2235 2271 2497 2348 indidit

809 2401 1082 2476 Pietate
1133 2399 1382 2487 clarc,
1428 2397 1637 2470 rebus
1684 2392 2213 2492 augustiffimO,
2547 2365 2559 2388 ⁸

805 2527 1001 2623 Regi
1046 2525 1408 2622 benigne,
1455 2521 1799 2596 Michaffi
1850 2523 2187 2601 nomine.

811 2657 1263 2756 Quicumque
1310 2664 1556 2744 portas
1603 2648 1860 2737 intrat,
1912 2650 2309 2747 urbemque
2353 2649 2537 2727 hanc
2582 2653 2731 2727 adit

807 2779 1117 2856 Narrare
1167 2775 1442 2852 cunctis
1489 2775 1572 2851 fit
1617 2793 1890 2850 memor
1942 2774 2182 2850 laudes
2229 2773 2402 2852 Dei.

807 2907 1006 2982 Urbs
1055 2924 1214 2979 cara
1261 2903 1451 2980 salve
1506 2901 1854 2992 Numini,
1908 2900 2084 2977 Sion
2133 2922 2366 2996 nova,

709 3076 714 3097 ·
791 3034 1140 3131 Inscripta
1191 3032 1380 3107 coeli
1421 3028 1698 3128 paginis
1741 3029 2171 3107 faventibus·

1041 3286 1194 3369 'Ex
1249 3308 1944 3368 »maneamus
2009 3290 2870 3376 Anuunznmms.

800 3550 1142 3630 Claudius
1188 3552 1320 3625 hac
1371 3548 1647 3626 condor
1695 3546 1950 3625 tellure
1999 3550 2523 3648 Agathemerus
2544 3607 2573 3648 ,
2624 3548 2856 3629 omnis

900 3680 1100 3754 Nota
1145 3680 1338 3755 celer
1381 3678 1622 3777 fuegat
1666 3678 1780 3753 cui
1821 3677 2172 3787 medicina
2216 3678 2425 3753 mali:

3204 547 3363 627 421

795 3805 1136 3899 Myrtale,
1183 3804 1427 3902 iunsta
1471 3805 1732 3897 thoro,
1785 3806 2058 3880 tumulo
2106 3826 2405 3905 quoque
2451 3803 2823 3905 jungitur:
2872 3808 3083 3885 ambo

902 3930 1115 4015 Valle
1159 3934 1319 4031 pios
1367 3934 1556 4011 inter
1605 3930 1913 4011 vivimus
1965 3932 2230 4027 Elysia.

1855 5038 2159 5140 Gaza

2988 5046 3303 5130 MAN·
3366 4978 3377 4985 ⁴
