4775 6000
1255 489 2763 634 21nznssspr1ffiua

854 778 959 852 At
1005 795 1154 851 non
1203 774 1299 850 fic
1346 785 1579 849 tamen
1626 771 1785 847 illa:
1836 769 1961 848 sed
2008 793 2097 850 os
2139 775 2237 850 ita
2282 774 2573 873 divinitat,
2623 793 2708 858 ut
2751 781 2974 883 ipsam

948 901 1295 978 Extrahat
1344 921 1435 974 ex
1484 900 1643 976 imis
1690 898 2093 996 unguiculis
2142 900 2470 994 animam.
2511 930 2516 939 ·

1396 1157 1833 1238 CXLVI.
1940 1095 2738 1256 ΕῙΗειΗειΜ.μ

848 1423 1065 1500 Nunc
1113 1420 1238 1496 ubi
1282 1419 1673 1496 Praxiteles
1718 1417 1841 1492 ine
1890 1419 2182 1494 inclitus
2202 1471 2229 1508 ,
2280 1418 2355 1494 dt
2403 1421 2767 1517 Polycleti

943 1547 1135 1623 Viva
1182 1560 1443 1640 potens
1492 1546 1661 1618 olim
1712 1566 1991 1639 ponere
2038 1543 2232 1640 figna
2279 1547 2583 1621 manus&l

843 1675 1033 1751 Nam
1080 1673 1241 1772 quis
1290 1671 1629 1747 odoratos
1684 1669 1977 1747 Melites
2028 1669 2103 1747 in
2154 1669 2461 1767 imagine
2515 1672 2796 1770 crines,

927 1804 1349 1902 Ignitosque
1402 1799 1657 1874 oculos
1680 1851 1707 1890 ,
1756 1797 2192 1893 pulchraque
2245 1797 2432 1871 colla
2477 1798 2732 1878 dabit?

660 1989 671 2000 .
831 1908 1213 2006 Ma'rmoris
1258 1927 1563 2002 artifices
1616 1941 1965 2020 ceraeque
2016 1921 2201 1997 ubi?
2246 1921 2500 2000 debuit
2545 1929 2686 2006 nris

925 2057 1126 2132 Haec
1172 2053 1389 2130 facies
1408 2103 1437 2144 ,
1488 2049 1821 2145 mpetum
1872 2069 2011 2124 ceu
2060 2050 2522 2149 simulachra,
2570 2055 2740 2132 coli.

1356 2309 1825 2388 CXLVII.
1928 2309 2634 2406 EJnsnnn.

826 2578 1005 2654 Non
1054 2574 1349 2662 monui,
1397 2567 1740 2663 Prodice,
1787 2583 1911 2661 te,
1956 2567 2241 2662 nostra,
2292 2568 2760 2655 senescimus:
2817 2577 2894 2656 dt
2948 2601 3100 2662 non

908 2703 1116 2793 Dixi,
1166 2698 1416 2773 diffidii
1464 2697 1725 2774 semina
1769 2697 1905 2792 jam
1960 2695 2275 2771 venient.

817 2829 1076 2928 Rugae
1131 2845 1438 2923 cumque
1489 2823 1711 2898 comis
1760 2839 2132 2918 pannucea
2173 2819 2466 2915 pectora
2509 2828 2752 2921 canis,

910 2955 1197 3054 Quique
1246 2972 1454 3049 aegre
1498 2947 1730 3026 fracto
1780 2947 2091 3026 truditur
2138 2967 2265 3025 ore
2321 2950 2554 3027 sonus.

810 3080 1053 3159 Nemo
1103 3081 1299 3156 fores
1346 3078 1493 3154 adit
1538 3098 1706 3154 ecce
1754 3096 1957 3170 tuas;
2002 3096 2234 3176 neque
2287 3076 2644 3173 supplicat
2685 3080 2876 3161 ullus

905 3208 1065 3308 Jam
1116 3208 1267 3286 tibi.
1320 3206 1695 3283 transimus
1742 3220 1814 3279 te
1864 3204 2061 3302 quafi
2108 3202 2304 3281 busta
2355 3205 2518 3286 viri.

1326 3460 1836 3542 CXLVIII.
1936 3461 2001 3537 E
2052 3483 2091 3558 J
2142 3484 2201 3539 u
2251 3483 2287 3541 s
2336 3482 2394 3539 n
2445 3484 2498 3540 n
2547 3486 2640 3543 Μ.

803 3722 1065 3822 Ampla
1112 3718 1385 3813 oculis,
1436 3717 1568 3794 tibi
1618 3738 1730 3791 me
1779 3719 2123 3795 famulum
2174 3717 2371 3795 dedit
2417 3720 2567 3817 ipse
2620 3718 2962 3823 Cupido=

898 3846 1311 3946 Transfuga
1358 3844 1487 3945 qui
1535 3845 1858 3937 fueram,
1907 3845 2039 3931 sub
2088 3846 2255 3946 juga
2306 3847 2544 3926 missus
2586 3872 2706 3929 eo.

798 3976 1074 4073 Sponte
1120 3996 1273 4049 mea
1319 3974 1560 4048 servus
1608 3972 1741 4049 tibi
1791 3972 1940 4047 sum
1994 3972 2440 4072 cupiensque
2490 3976 2934 4079 volensque:

895 4102 1217 4180 Libertas
1268 4100 1538 4175 valeat:
1588 4120 1735 4174 non
1777 4100 2014 4196 placet
2060 4100 2191 4174 illa
2230 4101 2428 4177 mihi.

794 4228 1157 4305 Constitui
1208 4241 1377 4303 tuus
1425 4229 1603 4315 effe,
1652 4242 1823 4303 tuus
1870 4224 2289 4301 canescere:
2342 4244 2670 4326 tantum,

882 4356 1005 4431 Ne
1058 4354 1263 4453 spes,
1314 4374 1447 4429 oro
1466 4404 1494 4445 ,
1538 4354 1761 4431 malus
1802 4353 2108 4433 fascinet
2149 4353 2276 4433 has
2324 4356 2602 4437 oculus.

1368 4614 1777 4695 CXLIX.
1878 4616 2585 4717 EJusnzM.

778 4838 911 4916 Ille
958 4802 1117 4937 nnis
1166 4784 1329 4934 ests
1368 4786 1622 4918 nudam
1648 4790 1801 4940 ‘qui
1850 4856 1922 4919 te
1973 4844 2253 4940 expulit
2298 4860 2516 4944 atque
2568 4842 2880 4923 cecidit?

885 4966 1037 5069 Qui
1083 4968 1325 5045 facere
1372 4958 1524 5047 ho‘c
1564 4968 1864 5071 potuit,
1922 4968 2177 5047 saxeus
2214 4972 2339 5049 ille
2386 4972 2555 5051 finit.

844 5120 859 5133 ·
1853 5096 1993 5173 Kk
2042 5120 2092 5176 α
2166 5113 2181 5125 ·

3204 5100 3328 5181 An
