4775 6000
1275 527 1787 642 Lv-rnER
1889 533 2575 630 sexa-us,
3140 571 3295 658 ῃ,

773 751 875 828 Et
923 762 1168 846 ruptas
1217 768 1468 860 caveas
1520 753 1597 827 &
1644 750 2108 830 subsultantia
2155 759 2357 850 fila,

879 879 982 953 Et
1027 897 1211 976 quae
1259 877 1348 952 de
1395 879 1670 952 flamma
1719 880 1924 956 venit
1971 897 2180 957 acuta
2228 883 2481 980 sudes,

779 1005 1146 1106 Quodque
1196 1003 1358 1078 fluit
1401 1003 1678 1077 lentum
1726 1003 1818 1080 de
1868 1007 2176 1098 robore,
2223 995 2549 1110 quaeque
2598 971 2933 1106 volucres

871 1131 1180 1228 Captet,
1235 1129 1311 1204 δι
1359 1150 1452 1202 ex
1497 1129 1696 1218 visco
1748 1133 2028 1229 semper
2073 1134 2354 1210 arundo
2406 1139 2645 1217 madet
2828 1232 2840 1244 ,

778 1259 1068 1358 Quique
1118 1250 1356 1354 plagas
1403 1256 1580 1330 nodi
1629 1257 1948 1353 triplices
1999 1258 2344 1364 strinxere
2394 1264 2745 1362 latentes,

874 1385 1224 1482 Quaeque
1273 1383 1348 1457 in
1398 1382 1741 1456 clamosos
1789 1403 1983 1458 noxa
2003 1448 2013 1458 ,
2032 1401 2271 1482 parata
2319 1409 2535 1488 grues
2554 1445 2582 1484 ,

775 1511 1101 1587 Venator
1155 1507 1476 1582 Crambis
1531 1507 1903 1582 Neoladae
1951 1509 2144 1584 filius
2191 1513 2324 1586 ista

869 1637 1015 1712 Pan
1067 1633 1196 1708 tibi
1217 1681 1224 1686 -
1246 1631 1446 1726 sacro
1469 1685 1496 1726 ,
1544 1633 1762 1718 senex
1811 1638 2040 1712 Arcas
2088 1637 2177 1713 ab
2236 1637 2725 1724 Orchomeno,

1101 1921 1287 1998 XX.
1355 1923 1920 2014 Leonimm
1990 1940 2108 2000 aut
2168 1929 2761 2018 MNAsALc‘r.

765 2182 1039 2262 Infidiis
1088 2199 1368 2256 cervam
1416 2180 1644 2257 cinxit
1693 2181 2079 2277 Cleolaus,
2134 2186 2212 2262 dc
2254 2185 2450 2286 hasta

857 2308 1166 2384 Perculit
1187 2361 1214 2396 ‚
1265 2308 1339 2380 in
1387 2305 1562 2382 saltu
1611 2306 1782 2383 dum
1829 2311 2004 2385 latet
2051 2310 2172 2385 illa
2224 2314 2354 2390 suo
2379 2369 2409 2408 ,

745 2435 887 2516 Ad
935 2432 1111 2510 vada
1141 2414 1555 2508 Maeandri.
1610 2435 1736 2512 sub
1781 2435 1960 2532 pinu
2005 2437 2318 2517 collocat
2359 2443 2541 2520 alter

793 2591 802 2600 ·
863 2562 1068 2658 Quae
1119 2576 1350 2634 ramos
1403 2557 1572 2633 osto
1617 2559 1966 2657 fragmina
2010 2562 2286 2642 frontis
2323 2564 2625 2653 habent.

1290 2844 1530 2921 XXI.
1635 2849 2542 2937 Aurrrarnr.

757 3110 1063 3186 Cervam
1111 3125 1295 3204 quae
1339 3104 1651 3183 Pholoes
1697 3106 1914 3184 dorso
1963 3108 2413 3211 Ladonaque
2456 3117 2770 3223 circum,

854 3240 1106 3331 Atque
1155 3232 1672 3325 Erymantheas
1715 3250 2017 3331 propter
2064 3242 2316 3336 agebat
2361 3262 2631 3343 aquaS,

669 3437 675 3443 .
751 3363 960 3438 Patre
1011 3358 1366 3433 Thearide
1417 3357 1786 3433 Lafionius
1835 3361 1960 3433 ille
2012 3358 2403 3455 Lycormas

862 3485 1125 3581 Cepit,
1197 3482 1286 3585 ab
1334 3481 1566 3556 hastili
1609 3502 1770 3588 cum
1818 3484 2023 3571 foret,
2057 3486 2200 3563 ieta
2243 3492 2405 3571 suo.

753 3618 852 3691 At
898 3611 1158 3705 pellem
1207 3608 1568 3711 celsaeque
1615 3611 1820 3685 fimul
1870 3610 2010 3703 duo
2054 3635 2316 3693 cornua
2361 3620 2627 3705 frontis

857 3738 1206 3815 Silvarum
1251 3734 1576 3813 dominae
1625 3737 1848 3814 donat
1895 3741 2156 3817 habere
2204 3744 2437 3826 Deae.
2578 3745 2585 3754 “

1465 4028 1764 4109 XXII.
1874 4032 1924 4108 S
1974 4054 2032 4108 A
2081 4056 2153 4111 Μ
2199 4040 2334 4116 rr.

757 4288 956 4365 Haec
1000 4287 1218 4375 bovis,
1263 4286 1624 4365 Herculeo
1672 4292 2034 4389 suspendit
2079 4317 2348 4376 cornua
2395 4300 2593 4399 posti·

709 4473 720 4494 „
851 4415 1144 4492 Bissenis
1190 4415 1435 4509 palmis
1483 4418 1694 4495 ardua
1745 4422 1822 4496 &
1869 4424 2190 4501 exuvias.
2624 4402 2631 4410 ⁰

759 4544 992 4643 Quem
1042 4562 1204 4617 cum
1253 4544 1320 4615 se
1371 4560 1612 4620 rueret
1658 4564 1904 4623 contra
1956 4572 2083 4626 rex
2126 4554 2275 4650 ipse
2325 4556 2701 4656 Philippus

849 4668 1186 4766 Cuspidis
1232 4670 1537 4747 invictae
1589 4676 1890 4751 vulnere
1936 4678 2130 4754 fudit
2175 4683 2427 4779 humi,
2596 4758 2604 4763 .

761 4796 926 4897 Qua
971 4796 1169 4891 pedis
1225 4798 1476 4875 Orbeli
1525 4800 1686 4877 sunt
1734 4803 2030 4898 pascua:
2081 4822 2267 4885 terra
2315 4815 2520 4890 beata

847 4922 1172 5001 Emathia
1217 4925 1367 5024 est,
1412 4928 1543 5006 tali
1587 4949 1764 5027 quae
1805 4926 1993 5009 du‘ce
2039 4932 2224 5016 freta
2273 4941 2499 5041 viget.

2907 5012 3261 5161 xxl'n.
