4775 6000
1220 565 1735 648 LIBER
1836 555 2710 650 SEPTIMUS.
3181 567 3334 666 185

792 791 1237 890 zenophilae
1284 792 1643 890 placidum
1686 774 1977 870 niodico
2026 789 2191 868 date
2234 807 2561 888 tempore
2611 792 2932 870 somnum
2951 845 2979 887 ‚
3109 783 3118 795 ’

894 925 981 1000 Id
1022 937 1331 1014 precor,
1374 942 1470 998 en
1514 921 1851 996 membris
1896 939 2033 994 vos
2080 919 2323 994 satiate
2371 920 2572 1000 meis.

790 1049 935 1128 Sed
984 1044 1156 1148 quid
1204 1063 1343 1142 ego
1391 1045 1572 1119 haec
1610 1045 1869 1121 frustra
1922 1063 2188 1142 queror
2210 1047 2247 1118 ‘1‘
2300 1043 2378 1120 Gt
2428 1047 2744 1124 crudelia
2789 1047 3100 1128 monstra

880 1173 1267 1251 Laetantur
1312 1185 1559 1250 tenera
1606 1171 1969 1250 luxuriosa
2017 1170 2203 1246 cute.

780 1296 1031 1394 Turpe
1074 1313 1350 1392 pecus,
1400 1299 1673 1374 rursum
1722 1316 1985 1373 moneo
2004 1347 2035 1389 ‚
2085 1295 2439 1374 defistite=
2492 1299 2612 1376 vel
2655 1299 2796 1399 iam
2928 1341 2945 1350 -

867 1424 953 1501 In
1002 1442 1135 1498 vos
1180 1423 1525 1522 zelotypa
1570 1421 1841 1502 saeviet
1882 1423 1990 1498 ira
2029 1441 2269 1500 manu.

1469 1706 1627 1836 IX.
1732 1707 2473 1830 EJusneug

763 2002 989 2076 Parve
1036 1997 1253 2072 culex
1271 2048 1299 2088 ,
1346 2017 1481 2092 pro
1524 2017 1639 2072 me
1692 1999 1927 2087 celer,
1976 1999 2056 2090 i,
2106 2018 2319 2094 rogo,
2370 2001 2668 2080 nuntius
2685 2055 2713 2097 ‚
2761 2018 2970 2104 atque
3015 2007 3190 2084 haec

858 2123 1301 2219 Zenophilae
1346 2100 1691 2218 pulchrae
1737 2121 1983 2218 perfer
2032 2119 2125 2196 ad
2168 2124 2575 2202 auriculam.
2613 2187 2621 2196 .

757 2256 875 2334 Te
924 2249 1099 2348 vigil
1148 2250 1271 2322 ille
1318 2265 1593 2324 manet:
1646 2262 1729 2322 tu
1777 2268 1977 2324 nunc
2020 2249 2099 2324 iu
2144 2265 2383 2322 amore
2433 2265 2780 2332 veternus

858 2376 1199 2474 Dormio:
1250 2371 1515 2471 quaeso
1562 2373 1773 2464 vola,
1823 2373 2089 2467 quaeso
2141 2391 2404 2453 canore
2453 2376 2648 2452 vola.

735 2503 911 2584 .Sed
956 2499 1231 2602 placide
1282 2499 1399 2574 dic
1446 2495 1621 2574 haec
1640 2551 1667 2592 ‚
1717 2518 1809 2575 ne
1859 2498 1971 2574 vir
2018 2499 2223 2574 fimul
2271 2501 2552 2578 excitus
2601 2503 2678 2582 in
2731 2521 2848 2582 me

854 2627 1259 2726 zelotypae
1304 2639 1591 2700 moveat
1640 2623 1839 2700 virus
1886 2623 2265 2701 atiani-iriae.

753 2755 833 2831 si
861 2753 1232 2840 dominam
1280 2749 1586 2822 adducas
1609 2800 1637 2838 ‚
1687 2746 1961 2822 corium
2013 2748 2147 2824 tibi
2188 2747 2459 2856 grande
2505 2751 2738 2840 leonis
2759 2807 2792 2848 ,

846 2879 949 2953 Et
996 2873 1315 2954 manibus
1365 2872 1641 2952 dabitur
1687 2869 1889 2980 clava
1934 2870 2249 2970 gerenda
2270 2925 2297 2967 ,
2350 2875 2588 2953 culex.

1460 3166 1556 3241 X.
1662 3111 2373 3261 Ejusnrn.
2529 3159 2544 3171 ’

737 3458 861 3542 Sic
906 3458 1079 3536 mihi
1122 3460 1209 3535 fit
1253 3454 1482 3531 facilis
1530 3454 1736 3531 saevo
1787 3471 1967 3531 nans
2012 3471 2328 3553 aequore
2384 3410 2658 3557 Cypris
2683 3484 2714 3536 ε

832 3588 1001 3666 Vim
1050 3582 1398 3661 Formosa
1447 3581 1555 3659 sui
1600 3581 1910 3659 nominis
1961 3601 2087 3658 ore
2134 3584 2418 3676 probat.

1413 3874 1565 3951 XI.
1678 3872 2379 3970 Ejusnnm.

732 4146 975 4227 Dulce
1020 4144 1371 4252 loquens,
1422 4164 1633 4243 quam
1684 4146 1918 4242 pinxit
1966 4150 2197 4223 Amor
2245 4146 2377 4224 sub
2424 4148 2716 4245 pessore
2766 4152 3012 4229 nostro
3034 4204 3064 4249 ,

828 4273 909 4349 N
912 4290 1053 4349 unc
1102 4270 1331 4348 anima
1372 4272 1522 4368 ipsa
1568 4271 1839 4351 animae
1888 4270 1995 4348 est
2049 4272 2444 4351 Heliodora
2491 4296 2714 4355 meae.

1255 4530 1491 4642 'XIL
1599 4564 2479 4647 S1Mou1naz.

726 4780 1054 4921 Corpora
1102 4844 1322 4905 amata
1370 4824 1496 4905 diu
1546 4824 1833 4905 tibicina
1880 4827 2173 4919 Pythias
2222 4845 2434 4929 atque

810 4954 1087 5031 Bucula
1136 4954 1310 5035 dant
1361 4958 1636 5035 tabulas
1686 4951 2108 5058 cingulaque
2155 4956 2279 5035 ista
2328 4958 2606 5041 venus.
2670 4984 2682 4993 ·

612 5076 868 5205 T⁰⁸¹5
919 5081 1054 5159 111.
1109 5166 1123 5173 ,
1446 5138 1451 5143 -
1947 5087 2080 5160 Aa
2427 5122 2434 5133 ·
2821 5178 2842 5192 „
3087 5086 3250 5167 Un-
