4775 6000
1319 517 2603 709 LreERsExrus

1515 838 1671 917 VI.
1773 835 2394 918 Astra-An.

774 1073 950 1152 Pani
995 1091 1230 1146 comas
1277 1063 1512 1166 rigido
1561 1063 2070 1160 Nymphisque
2121 1061 2507 1159 agrestibus
2554 1061 2791 1143 adfert

871 1201 1132 1275 Monte
1182 1198 1312 1273 sub
1359 1195 1501 1268 hoc
1552 1190 1816 1266 donum
1866 1188 2303 1265 Theudotus
2350 1185 2608 1284 upilio,

771 1329 1105 1423 Namque
1154 1323 1315 1396 illae
1362 1315 1615 1414 rapido
1662 1315 1914 1392 feffum
1969 1316 2096 1393 sub
2146 1315 2296 1390 sole
2343 1315 2728 1410 levarunt,

872 1453 1248 1530 Portantes
1296 1446 1618 1522 manibus
1665 1445 1932 1546 pocula
1979 1435 2211 1517 dulcis
2259 1457 2515 1538 aquae.

1340 1697 2202 1780 TITULUS
2302 1695 2591 1774 XXV.

1635 1956 1758 2068 „A
1802 1953 2242 2048 mutibus.

1405 2229 1469 2304 1.
1578 2227 2468 2306 Srmournan.

777 2466 974 2541 Haec
1021 2457 1394 2557 postquam
1444 2451 1726 2526 saevum
1771 2447 2195 2546 requierunt
2242 2443 2513 2543 spicula
2556 2445 2865 2530 Martem

875 2585 1187 2664 Pulcher
1237 2578 1546 2660 Palladia
1597 2576 1828 2652 servat
1871 2577 1952 2652 in
1993 2575 2168 2652 aede
2214 2571 2493 2665 tholus,

775 2715 983 2816 Quae
1031 2713 1276 2810 prius,
1325 2704 1660 2781 adversae
1705 2721 1870 2778 cum
1918 2717 2286 2782 certavere
2333 2699 2723 2800 phalanges
2743 2755 2773 2796 ,

867 2841 1098 2937 Saepe
1146 2838 1277 2912 suo
1326 2829 1542 2908 tinxit
1587 2826 1930 2926 sanguine
1979 2825 2254 2902 Medus
2295 2833 2552 2924 eques.

1253 3046 1258 3051 ’
1361 3056 1479 3134 11.
1575 3052 2509 3143 Mnasazcan.

625 3266 640 3273 '
773 3246 982 3341 Hanc
1023 3260 1422 3356 pharetram
1470 3247 1818 3345 tensoque
1860 3244 2162 3323 minacia
2205 3264 2481 3325 cornua
2525 3266 2755 3327 nervo

868 3384 1253 3483 Suspendit
1299 3374 1734 3457 Promachus
1783 3372 1984 3445 miles
2003 3423 2032 3465 ,
2085 3372 2362 3467 Apollo
2381 3423 2411 3464 ,
2458 3372 2617 3449 tibi.

769 3516 1096 3609 Aligeras
1141 3504 1402 3585 retinet
1444 3499 1774 3581 bellatrix
1825 3496 2030 3574 turba
2071 3494 2356 3593 sagittas
2627 3496 2635 3504 ’

874 3636 1119 3715 Corde
1169 3634 1348 3723 suo,
1399 3626 1601 3730 quod
1650 3626 1760 3703 fas
1809 3642 2065 3701 munus
2113 3624 2203 3701 ab
2252 3620 2456 3698 hoste
2508 3620 2687 3705 dari.

1221 3854 1391 3931 ΙΙΙ.
1462 3852 2136 3941 Ana-rmum,
2223 3846 2675 3928 Srnoxur.

721 4038 732 4043 ⁵
785 4058 990 4159 Quae
1025 4055 1220 4130 bona
1269 4064 1413 4124 tam
1460 4044 1657 4122 bello
1705 4040 1944 4127 fuerat
1990 4058 2204 4140 quam
2249 4042 2446 4140 pacis
2490 4042 2583 4121 ad
2625 4054 2865 4138 artes,

865 4181 1066 4257 Exiit
1109 4176 1160 4253 e
1199 4178 1400 4273 cujus
1451 4172 1794 4251 barbarus
1843 4189 1970 4245 ore
2019 4170 2239 4245 sonus
2261 4222 2289 4261 ‚

772 4307 986 4387 Tibia
1031 4307 1336 4382 sacratur
1354 4354 1382 4393 ‚
1435 4299 1835 4376 Pherenico
1887 4296 2099 4373 dante
2127 4348 2154 4387 ,
2205 4295 2583 4371 Minervae
2601 4348 2632 4389 ,

865 4432 1249 4531 Postquam
1294 4429 1418 4504 ille
1471 4422 1546 4500 &
1598 4424 1906 4501 Martem
1956 4422 2161 4499 defiit
2211 4420 2288 4498 ὗε
2335 4420 2731 4517 thymelen.

1380 4650 1530 4728 IV.
1635 4647 2509 4725 srmorrrnAn.

765 4854 966 4931 Νίκη
1013 4850 1221 4948 super
1269 4814 1664 4965 eelsaxfi‘lflc
1711 4843 1812 4919 sta
1857 4784 2092 4942 gravis
2136 4840 2328 4917 hasta
2377 4842 2807 4937 columnam,

851 4981 1100 5106 'Clara
1147 4976 1574 5078 gubernanti
1607 4972 1842 5053 -fidera
1879 4972 2077 5061 ‚sacra
2121 4970 2318 5072 Jovi-

720 5104 732 5111 “
1879 5098 1956 5177 X
1999 5120 2050 5178 2

3164 590 3317 692 163

3192 5094 3450 5195 Et„
