4775 6000
1109 557 2002 644 MAN-rusti
2101 555 2828 662 QUARTAs

786 796 965 874 Non
1018 793 1203 868 ultra
1247 784 1422 880 tibi,
1478 788 1762 877 Roma,
1811 783 1984 866 meis
2031 803 2070 856 a
2119 782 2499 866 frondibus
2544 787 2792 865 umbra
2838 789 2989 884 est,

888 919 1228 996 Radicem
1282 931 1542 994 ventus
1595 911 1947 990 Thracius
1996 910 2334 986 exsecuit.

1213 1172 1324 1251 De
1369 1194 1534 1248 nave
1583 1193 1618 1243 e
1669 1168 2042 1266 lapidibus,
2093 1168 2163 1240 in
2213 1167 2490 1242 Euboea
2527 1165 2742 1264 posita

1644 1297 1729 1367 ab
1773 1298 2281 1390 Agamemnone.

791 1527 992 1603 Haec
1037 1525 1140 1600 est
1196 1525 1399 1620 nigra
1445 1518 1610 1592 ratis
1657 1513 1931 1590 donum
1977 1509 2264 1607 majoris
2318 1513 2664 1609 Atridae,
2740 1507 2748 1514 ’

883 1653 1072 1728 Cum
1123 1647 1314 1724 dedit
1358 1647 1434 1721 in
1487 1657 1749 1719 ventos
1797 1639 2018 1717 claffis
2066 1638 2349 1716 Achiva
2398 1639 2617 1719 finus.

1177 1904 1289 1981 De
1347 1907 1788 1982 Romanorum
1835 1899 1928 1972 ad
1977 1893 2341 1992 Casilinum
2394 1895 2716 1982 Vibioria.

783 2134 1004 2212 Unda
1059 2127 1348 2206 Casilini
1398 2120 1765 2219 Tyrrheni
1808 2121 1897 2195 ad
1945 2117 2208 2194 littoris
2265 2139 2461 2196 oram

881 2259 1122 2336 Fluxit
1169 2251 1548 2331 barbaricis
1593 2251 1806 2350 plena
1855 2243 2347 2319 cadaveribus,

725 2395 732 2411 ¹
783 2386 1078 2465 Butilini
1124 2360 1282 2454 curn
1335 2380 1527 2476 figna
1577 2372 1752 2446 Deis
1807 2367 2030 2444 invisa
2077 2366 2457 2464 sequentes

887 2509 1175 2586 Occidit
1225 2507 1536 2580 Francos
1584 2499 1775 2572 hasta
1830 2495 2083 2574 Latina
2133 2493 2355 2570 viros.

782 2641 988 2718 Felix
1031 2636 1252 2711 amnis
1280 2686 1308 2724 ‚
1355 2629 1496 2705 eris
1545 2641 1624 2702 tu
1671 2645 1806 2720 pro
1857 2621 2190 2717 fulgente
2229 2633 2532 2718 tropaeo
2589 2663 2603 2674 ,

881 2763 1146 2842 Hostili
1190 2761 1480 2855 longum
1535 2750 1870 2850 sanguine
1917 2744 2185 2822 tinetas
2227 2767 2468 2846 aquas.

1439 3013 1551 3093 De
1605 3008 2032 3087 Chaeremone
2085 3002 2447 3083 Trallibus.

765 3250 980 3331 .Cum
1033 3243 1326 3340 patriam
1379 3242 1588 3317 tellus
1635 3234 1976 3312 straviss'et
2017 3246 2210 3307 mota
2231 3286 2259 3326 ,
2310 3230 2585 3311 volavit

891 3372 1336 3449 Chaeremon
1389 3368 1524 3441 seri
1570 3362 1886 3459 vesperis
1937 3380 2172 3457 usque
2217 3359 2496 3436 domos.

796 3498 1113 3576 Caesaris
1165 3497 1241 3571 δι
1293 3494 1493 3571 raetis
1544 3492 1868 3590 genubus
1916 3486 2186 3560 famosa
2231 3485 2577 3581 superbae

886 3620 1200 3703 Trallios
1249 3622 1476 3699 erexit
1522 3617 1805 3695 moenia
1842 3613 2038 3711 lapsa
2085 3612 2266 3688 solo·
2314 3634 2326 3643 ⁸

711 3738 727 3749 ’
791 3754 1018 3832 Nune
1059 3752 1188 3829 stat
1237 3752 1632 3827 honoratus
1678 3762 1814 3817 ceu
1861 3740 2194 3817 conditor
2239 3738 2419 3818 alter
2459 3738 2535 3816 in
2581 3756 2745 3831 ara,

889 3880 1092 3971 Hac,
1141 3879 1252 3953 illi
1295 3876 1611 3977 populus
1656 3890 1870 3970 quarn
1917 3867 2162 3964 dedit,
2211 3865 2471 3964 effigie.

1529 4092 1642 4167 De
1695 4093 1954 4191 Olympi
2000 4090 2377 4167 altitudine.

794 4322 1145 4421 Pythiaco
1192 4316 1233 4397 α’
1281 4322 1552 4418 templo
1595 4334 1850 4397 vertex
1889 4317 2176 4415 nisui-git
2226 4312 2575 4411 Olympi,

789 4453 911 4527 Ad
959 4448 1534 4546 perpendiculum
1580 4446 1772 4545 quod
1815 4447 2079 4523 menfio
2123 4424 2318 4520 faera'
2352 4442 2703 4531 docebat,

799 4578 1059 4668 Totis,
1110 4576 1318 4651 crede
1341 4630 1366 4667 ,
1417 4578 1660 4650 decern
1711 4572 1946 4651 stadiis
1995 4571 2070 4647 ἀ
2115 4571 2354 4668 jugere
2377 4622 2406 4662 ,
2455 4568 2577 4668 seq
2625 4568 2735 4673 bie

896 4704 1234 4779 Deducas
1280 4704 1490 4780 binos
1537 4704 1588 4778 fi
1637 4676 1870 4778 tamen
1917 4702 2087 4795 inde
2131 4696 2379 4793 pedes.

800 4832 1102 4907 Mensus
1154 4832 1592 4928 Xeinagoras
1647 4826 1929 4901 Eumeli
1975 4826 2160 4904 filius
2209 4825 2349 4900 hoc
2398 4822 2525 4901 est.

910 4958 1022 5034 Sis
1071 4959 1293 5052 felix,
1343 4979 1390 5033 ο
1440 4976 1616 5048 rex,
1669 4954 1745 5035 ,ὗε
1791 4958 1979 5033 bona
2027 4954 2248 5029 multa
2293 4951 2477 5027 duis.

1837 5078 2047 5155 Kkk
2093 5102 2141 5154 2

3167 586 3343 668 4⁴3·

3083 5072 3217 5153 CA
3234 5096 3317 5153 1..
