4775 6000
1087 536 1975 635 M-ANTrssA
2075 479 2894 614 saeuum.-
3184 548 3335 630 ,ῳ

1201 885 1209 891 «
1325 833 1580 912 xxx
1603 827 1854 908 v111.
1913 821 2116 921 Apud
2157 769 2606 898 qucarcham.

803 1077 1000 1150 Ante
1055 1059 1459 1142 Selenuntis
1507 1057 1806 1130 Mavors
1857 1051 1991 1122 hos
2039 1045 2318 1120 ferreus
2366 1045 2596 1119 hausit

904 1193 1202 1274 Moenia
1230 1240 1255 1281 ,
1306 1185 1670 1262 servitium
1721 1178 1993 1276 pellere
2041 1173 2210 1246 dum
2260 1183 2675 1266 properant.

1049 1447 1309 1525 XXX
1333 1443 1479 1518 IX.
1531 1441 1620 1513 In
1673 1381 1928 1510 Laidos·
1959 1426 2306 1528 sepulchro
2357 1425 2531 1524 apud
2576 1425 2883 1504 Peneum.

805 1679 1035 1772 Capta
1085 1673 1230 1750 fuit
1278 1664 1485 1760 cujus
1533 1655 1824 1734 coelesti
1873 1653 2178 1730 Graecia
2229 1650 2498 1740 vultu,

899 1806 1030 1878 Illa
1077 1801 1286 1876 ferox
1309 1847 1335 1887 ,
1389 1788 1592 1866 nullo
1641 1803 1817 1882 gens
1865 1782 2026 1858 data
2075 1779 2312 1852 Marte
2362 1774 2583 1869 capi,

803 1930 966 2007 Lais
1016 1931 1308 2016 Amoris
1359 1935 1510 1994 erat
1560 1909 1844 1989 soboles
1895 1905 1970 1980 δε
2023 1905 2306 2000 alumna
2355 1897 2751 1993 Corinthi,

905 2055 1138 2154 Quam
1187 2065 1383 2124 nunc
1437 2037 1830 2118 Thess'aliae
1881 2027 2144 2106 nobilis
2192 2023 2388 2099 abdit
2436 2024 2719 2100 humus.

1493 2295 1674 2380 XL.
1727 2282 2079 2386 Inscriptio
2141 2276 2425 2376 Tegeae.

812 2520 944 2598 Nil
997 2512 1340 2602 nimium,
1392 2503 1765 2603 pulchrum
1817 2489 2010 2592 quod
2055 2485 2248 2562 adest
2298 2487 2374 2562 in
2427 2499 2794 2584 tempore,
2840 2485 3019 2564 dixit

903 2645 1294 2733 Sodamus,
1347 2635 1514 2712 dum
1559 2650 1672 2704 me
1721 2624 1981 2722 ponit,
2031 2611 2482 2712 Eperatides.

1435 2887 1668 2968 XLI.
1727 2879 1874 2959 Alii
1907 2873 2010 2974 fic
2059 2873 2141 2949 de
2190 2869 2485 2948 Chilone.

801 3099 936 3177 Nil
983 3091 1306 3181 nimium,
1355 3085 1742 3185 pulchrum
1791 3072 1988 3173 quod
2033 3068 2226 3145 adest
2274 3070 2351 3145 in
2398 3081 2768 3165 tempore:
2824 3062 3127 3163 Chilon,

897 3223 1089 3300 Cum
1141 3217 1324 3295 dixit
1352 3274 1378 3315 ‚
1426 3210 1702 3308 sapuit,
1755 3205 1864 3280 vir
1913 3194 2547 3277 Lacedaemonius.
2682 3216 2689 3224 ·

1224 3474 1298 3549 X
1319 3470 1508 3548 LII.
1556 3463 1690 3544 Sub
1720 3456 1962 3569 statua
2017 3456 2303 3532 Chilon&
2347 3452 2663 3554 ejusdem

803 3678 1043 3753 Marte
1092 3620 1590 3763 triumphatrix
1643 3657 1896 3757 Sparte
1951 3653 2271 3730 Chilona
2301 3602 2640 3742 meavit,

898 3800 1017 3910 De
1069 3796 1336 3893 septem
1385 3790 1591 3887 cujus
1645 3782 1874 3885 gloria
1921 3780 2146 3879 prima
2200 3774 2493 3872 Sophis.

1386 4046 1459 4125 X
1479 4044 1540 4121 L
1559 4043 1648 4118 -11
1671 4042 1727 4119 Ι.
1777 4037 1912 4113 Sub
1947 4031 2185 4133 statua
2236 4033 2522 4109 Solonis.

795 4246 1184 4326 Medorum
1233 4238 1450 4316 fastus
1502 4234 1808 4312 Salamin
1855 4247 2036 4329 quae
2085 4225 2469 4317 contudit,
2516 4224 2639 4299 illa

895 4373 1308 4474 Legiferum
1353 4362 1587 4443 saneta
1626 4374 1864 4441 mente
1917 4354 2187 4431 Solona
2233 4350 2457 4427 dedit.
2552 4404 2561 4411 -

1326 4626 1400 4702 X
1429 4622 1661 4700 LIV.
1711 4618 1800 4695 In
1847 4616 2109 4693 Pittaci
2161 4625 2579 4688 monumento.

800 4826 1131 4901 Pittacon
1183 4822 1354 4897 urbs
1391 4816 1620 4895 Lesbi
1670 4815 1857 4892 sacra
1907 4832 2089 4911 quae
2139 4806 2390 4909 genuit
2442 4804 2802 4900 Mitylene

797 4951 1054 5030 Intulit
1101 4948 1175 5025 dt
1221 4947 1504 5025 tumulo
1522 4998 1552 5040 ‚
1598 4942 2262 5057 lachrymarumque
2311 4932 2585 5013 addidit
2628 4930 2947 5011 imbrem.

989 5082 1002 5090 '
1886 5068 1958 5144 Τ
1985 5080 2017 5143 t
2064 5086 2114 5144 2
3053 5049 3129 5129 X
3146 5046 3325 5129 LV.
