4775 6000
80 5900 212 5920 -----

1329 505 1830 588 LIBER
1935 503 2823 590 SEPTIMUS.

1636 789 2171 872 CXCVIII.
2238 789 2472 870 Aliud.

881 1055 960 1130 si
1009 1053 1217 1128 dolor
1269 1051 1371 1126 est
1421 1051 1682 1144 odiss'e,
1731 1053 1942 1128 dolor
1989 1073 2280 1150 quoque
2325 1070 2601 1143 amare,
2654 1053 2943 1133 duobus

813 1215 818 1220 ·
975 1183 1112 1298 Ex·
1141 1182 1250 1258 his
1278 1231 1307 1272 ‚
1355 1179 1484 1276 qui
1527 1179 1765 1254 bonus
1813 1178 1960 1269 est,
2007 1178 2122 1250 hic
2172 1196 2364 1250 meus
2415 1178 2569 1253 esto
2618 1179 2855 1260 dolor.

1688 1430 1754 1508 C
1777 1433 1846 1508 X
1874 1431 1988 1507 CI
2013 1433 2109 1509 X.
2176 1433 2409 1508 Aliud.

3264 516 3425 618 283

867 1692 1206 1795 QuInque
1255 1692 1500 1788 petis?
1547 1689 1656 1766 bis
1704 1689 1924 1790 quina
1971 1687 2202 1766 dabo:
2254 1709 2428 1766 mox
2477 1691 2586 1768 bis
2638 1693 2769 1770 tibi
2809 1694 3016 1773 dena.

969 1825 1090 1895 An
1139 1818 1302 1894 satis
1351 1817 1494 1890 hoc
1539 1815 1694 1890 auti
1743 1815 1905 1890 est?
1953 1815 2054 1892 sat
2101 1817 2296 1892 foret
2351 1817 2427 1892 δι
2480 1817 2797 1898 Danaae.

1801 2069 1868 2148 C
1891 2071 1983 2148 C.
2031 2073 2270 2152 Aliud.

853 2335 1062 2410 Alma
1114 2335 1360 2408 Venus
1410 2331 1646 2406 servas
1694 2330 1744 2405 fi
1793 2348 1974 2426 quos
2019 2349 2210 2404 mare
2256 2329 2522 2426 ineat,
2569 2332 2826 2410 amoris

947 2459 1383 2559 Naufragus*
1404 2459 1482 2534 iu
1525 2456 1736 2533 terris
1781 2457 1959 2552 quin
2007 2455 2140 2533 tibi
2187 2457 2435 2534 servor
2484 2481 2649 2558 ego.

1550 2693 1785 2788 CCI.
1891 2714 2474 2792 Rur1n1.

839 2979 1006 3057 Nec
1056 2974 1346 3085 nimium
1391 2970 1690 3067 fimplex
1735 2967 1908 3047 mihi
1957 2970 2088 3065 fit,
2135 2992 2274 3051 nec
2318 2973 2504 3049 casta
2548 2972 2822 3071 puella:

937 3104 1138 3181 Haec
1188 3101 1480 3181 nimium
1525 3102 1725 3175 tarde
1772 3118 1934 3175 nam
1981 3097 2150 3189 dat,
2195 3102 2272 3180 ὅ(
2314 3100 2437 3177 illa
2486 3100 2661 3178 cito,

1697 3352 1766 3431 C
1790 3354 1989 3433 CII.
2045 3353 2282 3433 Aliud.

827 3622 1114 3698 Aureus
1164 3616 1268 3691 est
1317 3616 1542 3693 oculis
1591 3614 1856 3706 decor,
1906 3614 1982 3689 Gt
2031 3634 2214 3713 gena
2259 3616 2585 3714 proxima
2634 3616 2827 3697 vitro
2846 3674 2879 3719 ,

928 3746 1030 3820 Et
1077 3745 1294 3819 1ubor
1341 3742 1444 3817 est
1493 3744 1602 3818 ori
1650 3743 1780 3841 qui
1824 3742 2007 3818 solet
2055 3744 2192 3818 effe
2245 3746 2441 3820 tofis.

823 3869 1084 3949 Pectus
1135 3868 1348 3942 habet
1395 3867 1675 3959 radios,
1732 3868 1807 3943 δι
1857 3868 2083 3945 vincit
2128 3888 2471 3944 marmora
2520 3869 2818 3963 cervix,

928 3998 1158 4083 Sunt,
1207 3994 1559 4070 Thetidos
1605 3996 1854 4091 quales
1903 3995 2028 4073 vix
2075 4015 2242 4071 reor
2288 3997 2473 4087 effe,
2524 3996 2771 4092 pedes.

820 4120 1044 4223 Quod
1093 4122 1146 4195 fi
1195 4141 1325 4215 per
1371 4119 1638 4195 medios
1683 4120 1924 4197 fundit
1972 4124 2045 4199 se
2091 4122 2290 4217 spina
2337 4122 2688 4219 capillos,

917 4250 1077 4327 Hac
1125 4266 1265 4345 ego
1309 4245 1416 4322 nil
1459 4246 1616 4324 alba
1662 4264 1936 4325 terreor
1983 4268 2026 4325 a
2072 4248 2356 4349 stipula.

1411 4502 1749 4582 CCIII.
1853 4508 2560 4603 Διοῌιᾼι.

801 4770 878 4845 A
926 4709 1234 4843 Veneffis
1283 4782 1508 4861 puero
1551 4762 1750 4841 nulla
1797 4764 1904 4842 est
1953 4765 2150 4864 fuga.
2197 4784 2350 4865 quo.
2398 4764 2605 4843 miser
2650 4764 2777 4843 ibo
2810 4817 2855 4871 ‚-

906 4894 1270 4989 Perpetuo
1315 4890 1455 4991 ped
1479 4890 1653 4969 item
1695 4910 1866 4972 cum
1911 4906 2188 4989 premat
2229 4898 2376 4975 aleo
2418 4892 2701 4973 Amet?

1173 5037 1196 5045 “
1955 5016 2037 5097 Ν
2056 5039 2106 5101 n
2153 5041 2205 5097 2

3006 5014 3335 5095 CCIV.
