4775 6000
1033 553 1928 642 MANTISSA
2037 549 2880 638 SECUNDA:
3142 561 3300 659 361

1405 843 1801 926 XLVII.
1906 845 1982 924 H
2029 866 2080 922 n
2126 863 2183 920 n
2235 779 2389 922 ix.
2435 868 2491 926 1.

787 1111 1148 1190 Siccemus
1194 1103 1494 1197 calices,
1541 1103 1810 1203 aliquid
1858 1103 2324 1203 lepidumque
2373 1121 2791 1208 novumque

868 1238 1376 1346 Argutumque
1423 1234 1600 1307 meri
1641 1233 1780 1306 flos
1818 1230 2142 1324 repetire
2190 1229 2413 1306 dabit.

1305 1494 1749 1574 XLVIII.
1853 1495 1920 1572 E
1969 1515 2200 1594 sua
2249 1517 2306 1572 n
2355 1519 2409 1574 n
2459 1521 2553 1575 u.

755 1759 902 1836 Hic
947 1759 1182 1834 servat
1228 1753 1552 1830 tumulus
1600 1750 1912 1828 tibicinis
1961 1751 2105 1828 offa
2157 1751 2485 1832 Theonis
2510 1805 2539 1849 ,

857 1885 1136 1962 Eximit
1186 1883 1261 1957 in
1309 1879 1540 1956 mimis
1589 1879 1810 1974 gratia
1861 1878 2069 1972 cuius
2113 1895 2292 1957 erat.

755 2010 1040 2089 Caecus
1087 2022 1242 2084 erat
1287 2005 1524 2081 senio:
1579 2002 1884 2079 solamen
1939 2004 2306 2100 Scin-palus
2352 2007 2464 2082 illi

767 2200 775 2212 .
855 2139 1094 2214 Natus
1145 2149 1344 2224 erat3
1396 2145 1632 2205 natum
1683 2127 2057 2224 Scirpalon
2107 2131 2230 2206 ille
2282 2133 2483 2238 suum

751 2267 1082 2342 Natalem
1130 2261 1488 2335 celebrate
1537 2257 1740 2329 suum
1786 2254 2014 2348 jubet.
2065 2254 2208 2329 hoc
2258 2273 2409 2332 etat
2452 2260 2561 2334 illi

856 2392 1190 2486 Namque
1220 2403 1509 2472 unum,
1557 2399 1826 2476 pueros
1877 2379 2075 2472 poss‘e
2121 2379 2433 2474 docere,
2484 2381 2721 2481 super.

751 2521 883 2596 Ille
929 2512 1284 2613 jocatricis
1337 2508 1528 2584 canit
1577 2509 1770 2582 ebria
1819 2507 2126 2582 carmina
2179 2505 2489 2584 Glauces
2510 2562 2540 2602 ‚

847 2643 942 2718 Et
986 2658 1373 2735 numquam
1419 2633 1632 2717 dulci,
1663 2632 1994 2707 Battalon
2041 2633 2312 2730 absque
2361 2654 2589 2714 mero·

699 2741 706 2751 ¹
757 2769 1071 2847 Cotaion
1120 2781 1248 2840 aut
1293 2763 1503 2836 etiam
1555 2759 1674 2835 vel
1721 2755 2104 2833 Pancalon.
2214 2759 2322 2832 At
2373 2759 2589 2836 Theo
2638 2765 2846 2846 nobis

845 2895 972 2972 Est
1024 2890 1413 2980 dicendus,
1457 2905 1588 2962 ave
1638 2884 1829 2962 flare·
1857 2884 2088 2980 perite
2139 2881 2377 2960 Theo·

1333 3160 1667 3241 XLIX.
1770 3158 2577 3259 EJuennu.,

741 3425 1124 3504 Miraclum
1167 3421 1490 3520 potando
1541 3420 1712 3497 vifis
1766 3420 2186 3499 callistion:
2240 3420 2533 3499 haustus

847 3554 919 3631 T
921 3552 1144 3628 ertius
1191 3550 1293 3626 est
1339 3550 1446 3625 illi
1491 3548 1796 3642 congius
1837 3562 2004 3626 ante
2051 3549 2315 3626 cibum.

659 3700 664 3707 ·
745 3686 952 3785 Quos
1005 3656 1330 3755 admensa
1375 3676 1554 3766 tibI,
1603 3674 1900 3767 Venus,
1943 3674 2370 3753 incendebat
2425 3674 2653 3753 odore

842 3808 1211 3903 Purpureo
1260 3798 1577 3903 quavas
1627 3798 1886 3878 Lesbia
1933 3802 2100 3878 vina
2143 3802 2356 3877 vitro.

744 3936 952 4011 Hanc
1009 3936 1162 4007 Dea
1213 3946 1293 4006 tu
1341 3930 1586 4020 serva,
1635 3928 1897 4024 quibus
1943 3928 2064 4003 illa
2110 3946 2447 4031 emunget
2494 3946 2855 4032 amantes,

805 4062 1160 4148 -Dotetur
1207 4055 1436 4153 paries
1481 4068 1567 4131 ut
1615 4068 1782 4129 tuus
1831 4074 1870 4127 a
1913 4054 2180 4151 spoliis.
2269 4066 2278 4073 “

1466 4304 1555 4385 L.
1657 4307 2344 4411 Ejusnnm.

733 4570 960 4672 Queis
1007 4588 1196 4646 mera
1244 4569 1411 4645 vina
1457 4570 1744 4665 placent
1764 4626 1791 4667 ‚
1843 4586 2076 4649 tamen
2119 4572 2194 4651 in
2243 4572 2760 4675 Zephyritidos
2804 4582 2987 4661 aede
3076 4662 3084 4669 ,

834 4694 1131 4773 Cernite
1184 4718 1334 4794 quo
1383 4701 1604 4794 poclo
1657 4700 1962 4795 gaudeat
2012 4700 2136 4774 illa
2183 4698 2383 4776 Dea:

735 4822 1040 4899 Carmen
1093 4826 1218 4901 ubi
1267 4824 1561 4901 Pharius
1605 4829 1942 4903 mentitur
1989 4826 2163 4903 Besa
2211 4830 2527 4907 tubarum
2556 4886 2584 4925 ,

831 4950 1138 5026 Garrula
1189 4954 1358 5029 dum
1399 4953 1662 5050 patulis
1711 4953 1952 5031 influit
1997 4950 2188 5031 unda
2236 4955 2454 5036 cavis.

617 5074 865 5155 Tou.
913 5076 1046 5153 ΠΙ.
1907 5078 1977 5157 Ζ
1997 5098 2040 5157 z
3036 5092 3237 5172 Clas.
