4775 6000
1206 517 2094 612 MANTISSA
2211 509 2803 600 VETUS.
3156 537 3351 622 ,ιρι

1323 847 1328 856 “
1407 847 1579 926 111.
1646 845 1793 922 Du
1830 787 2519 921 beonnae.

801 1163 1002 1238 Dum
1051 1152 1361 1232 veheris
1379 1151 1596 1228 dorso
1645 1164 1936 1244 terrae,
1987 1148 2397 1225 ptolemaee
2416 1199 2447 1242 ‚
2494 1149 2806 1248 parentis
2828 1198 2857 1241 ,

803 1289 902 1364 Et
948 1300 1020 1360 te
1069 1296 1362 1390 naturae
1411 1277 1730 1352 mortalis
1777 1273 2024 1346 vincla
2068 1289 2467 1365 coercent,

802 1414 984 1490 Non
1033 1380 1254 1482 modo
1305 1383 1704 1500 perpetuos
1752 1399 2030 1472 obeunt
2083 1415 2277 1494 quos
2327 1395 2551 1470 fidera
2596 1400 2895 1500 cursus,

805 1538 906 1613 Et
949 1549 1334 1625 numquam
1383 1526 1629 1600 stantis
1675 1521 1954 1597 diduffl
1999 1519 2296 1596 foedera
2341 1521 2639 1613 mundi,

811 1661 956 1740 Sed
1009 1655 1182 1756 quid
1227 1655 1374 1730 fata
1420 1663 1690 1747 parent
1733 1643 2162 1743 praenuntia
2221 1643 2413 1743 figna
2465 1645 2763 1723 dedisti:

802 1791 1192 1881 Propterea
1242 1803 1284 1855 e
1327 1779 1604 1873 superis
1661 1794 1890 1851 unum
1941 1788 2013 1847 te
2061 1771 2299 1846 dicere
2346 1774 2458 1849 fas
2505 1774 2654 1867 est,

810 1915 977 1990 Nec
1022 1910 1154 1985 tibi
1199 1908 1290 1981 de
1335 1907 1541 1982 terris
1590 1921 1816 1978 ortam
1843 1948 1870 1991 ,
1925 1896 2052 1972 sed
2101 1898 2194 1972 ab
2241 1897 2528 1974 aethere
2573 1915 2910 1978 mentem.

806 2041 1248 2138 Quamquam
1299 2035 1560 2106 etenim
1609 2027 1902 2100 miseros
1950 2025 2286 2098 mortales
2335 2025 2526 2101 inter
2569 2028 2873 2124 agebas,

815 2167 1110 2242 Cafibus
1152 2159 1476 2252 exposita
1527 2157 2010 2228 membrorum
2061 2151 2224 2246 lege
2268 2147 2533 2244 ligatus
2552 2204 2582 2243 ,

811 2297 917 2368 At
967 2302 1278 2392 mentem
1331 2283 1524 2358 vitiis
1579 2282 1712 2356 tibi
1759 2293 2160 2372 purgavere
2207 2271 2547 2366 labore-⁸3

820 2415 1312 2506 Materiaeque
1364 2409 1580 2502 super
1627 2404 1958 2478 tenebras
2005 2400 2083 2474 ὰ
2142 2414 2409 2492 corpus
2454 2397 2643 2494 imi,

817 2545 1076 2622 Omnia
1127 2537 1542 2639 praedicens
1593 2549 1777 2630 quae
1835 2547 2015 2606 mox
2063 2541 2376 2606 ventura
2423 2527 2829 2607 trahuntur.

1052 2865 1090 2939 1
1109 2863 1210 2940 V.
1265 2856 1598 2938 Mercurii
1658 2843 2071 2944 Trismegae'sts‘
2090 2901 2120 2940 ,
2163 2861 2284 2924 aut
2301 2902 2331 2941 ,
2380 2862 2457 2922 ut
2500 2847 2627 2924 alit·
2670 2847 2931 2942 volunt,

1433 2980 1736 3079 Orphei,
1783 2978 1866 3053 de
1921 2973 2174 3052 Terrae
2219 2965 2522 3053 motibur.

813 3295 980 3370 Hoc
1034 3308 1315 3388 quoque
1363 3285 1597 3401 disce,
1642 3303 1868 3379 puer,
1919 3300 2383 3380 quocumque
2433 3300 2526 3355 ex
2576 3278 2861 3356 cardine
2906 3283 3093 3359 coeli

693 3421 696 3429 ‘
811 3418 1184 3495 Tellurem
1234 3412 1506 3515 quatiat
1555 3423 1894 3505 regnator
1943 3407 2276 3479 caerulus
2307 3405 2565 3481 undae
2586 3454 2618 3498 ,

819 3548 1025 3646 Quae
1047 3566 1050 3569 ·
1075 3544 1267 3621 bona
1286 3592 1316 3631 ,
1367 3558 1542 3636 quas
1589 3552 1840 3611 contra
1869 3531 2110 3607 clades
2153 3530 2296 3606 hoc
2347 3532 2588 3610 omine
2620 3534 2890 3633 fignet.

1697 3856 1818 3934 Sol
1860 3856 1932 3928 in
1979 3853 2244 3932 Ariete.

817 4170 1033 4246 Lucis
1083 4169 1208 4244 ubi
1257 4189 1518 4245 vernae
1565 4165 1892 4243 tenebras
1939 4163 2354 4260 aequaverit
2404 4161 2603 4242 horis

817 4296 1146 4391 Phryxea
1196 4297 1304 4371 sol
1353 4294 1602 4371 vestus
1654 4291 1824 4384 ovi,
1876 4291 1927 4364 fi
1974 4288 2242 4365 viscera
2297 4301 2524 4361 terrae

813 4422 1179 4519 Tempore
1226 4420 1585 4499 nosturno
1638 4432 1926 4492 moveat
1973 4414 2393 4491 dominator
2422 4430 2761 4511 aquarum
2782 4466 2810 4507 ,

818 4550 984 4625 Hoc
1033 4548 1463 4623 defesturam
1509 4548 1782 4651 fignum
1827 4534 1960 4620 tibi
2005 4540 2284 4617 nuntiat
2329 4543 2617 4653 urbem:
2686 4562 2691 4571 ·

817 4676 896 4752 Si
941 4678 1230 4752 lucente
1278 4677 1436 4767 die,
1487 4674 1622 4769 jam
1675 4672 1895 4747 tristia
1941 4670 2089 4746 fata
2134 4667 2447 4743 minatur

821 4801 1182 4878 Gentibus
1223 4801 1580 4878 externis.
1633 4800 1788 4873 illas
1837 4796 2215 4894 ruensque
2245 4794 2689 4913 dolorque

819 4931 923 5007 Et
967 4946 1198 5005 metus
1249 4928 1326 5005 δι
1371 4928 1584 5021 series
1625 4924 1912 5027 urgebit
1960 4924 2200 5023 longa
2227 4922 2599 5067 malumus
2882 4988 2920 5018 Ι
3382 4996 3387 5003 .

1816 5053 1884 5129 Ο
1906 5072 1954 5128 ο
1999 5072 2054 5129 2
3230 5046 3367 5127 Sol·
