4775 6000
1350 531 1851 619 mana
1954 459 2761 634 ornis-rus:

1477 828 1550 906 Τ
1618 829 1654 902 I
1725 827 1796 904 T
1867 823 1946 898 U
2013 821 2079 898 L
2147 821 2228 898 U
2297 823 2349 899 S
2454 822 2575 898 11.

1550 1085 1942 1212 Infiripm
2029 1081 2473 1184 Columnis}

1263 1365 1536 1454 Eorum,
1589 1360 1698 1454 qui
1745 1361 1816 1432 in
1869 1357 2054 1430 Circo
2101 1354 2733 1456 constantinopoleos-

1815 1499 2260 1570 certaverant.

1688 1745 1748 1818 1.
1814 1741 1930 1818 De
1985 1740 2362 1838 Porphyrio.

855 2012 1334 2108 Porphyrium
1387 2001 1780 2080 Calchante
1819 2002 2084 2086 satum,
2134 2001 2256 2074 eui
2303 2000 2525 2076 multa
2582 2016 2853 2080 corona
2872 2050 2900 2092 ‚

957 2141 1136 2216 Tam
1185 2135 1504 2234 populus
1554 2147 1766 2226 quam
1811 2145 1940 2197 rex
1987 2121 2128 2194 hoc
2173 2122 2481 2216 posuere
2528 2101 2724 2200 loco'.

863 2268 1218 2342 Omnibus
1271 2263 1388 2335 hic
1437 2276 1680 2332 currus
1729 2247 2162 2348 agitantibus
2214 2263 2297 2322 ut
2345 2252 2579 2326 minor
2630 2249 2891 2341 armis,

957 2393 1076 2467 Sic
1122 2391 1351 2484 palma
1398 2385 1672 2476 semper
1719 2377 1939 2470 major
1992 2372 2068 2446 δε
2117 2387 2265 2447 arte
2318 2374 2485 2452 fuit.

857 2517 1136 2595 Debuit
1178 2512 1448 2587 idcirco
1499 2527 1649 2582 non
1700 2503 1882 2577 stare
1930 2519 2022 2572 ex
2071 2517 2284 2592 aere,
2331 2501 2453 2574 sed
2502 2521 2730 2593 auro,

962 2645 1113 2743 Qui
1159 2638 1358 2718 videt
1406 2635 1632 2725 hunc,
1684 2630 1837 2703 aliis
1885 2625 2236 2722 ne'putet
2285 2627 2422 2700 effe
2470 2637 2737 2722 parem.

1752 2885 1865 2962 ΙΙ.
1927 2881 2046 2958 De
2093 2877 2340 2957 eodem.

860 3160 1168 3239 Auditus
1211 3148 1531 3251 populus
1581 3146 1816 3221 fuerat
1869 3144 1958 3218 de
2011 3154 2214 3237 parte
2255 3152 2651 3237 quaterna,

964 3282 1372 3363 Calchantis
1420 3292 1664 3352 natum
1711 3271 2006 3367 poscere
2054 3266 2559 3361 Porphyrium.

852 3418 984 3493 Ille
1035 3410 1162 3486 ubi
1210 3426 1372 3479 cum
1424 3400 1664 3475 cinetu
1715 3406 1984 3468 teretes
2030 3389 2399 3485 suspendit
2446 3388 2757 3465 habenas

959 3535 1252 3634 Regalis
1303 3528 1457 3605 solii
1504 3520 1907 3599 dexteriore
1952 3518 2178 3591 locoz

851 3669 1028 3747 Inde
1076 3656 1368 3759 agitavit
1415 3668 1688 3747 equos=
1745 3644 1820 3719 δι
1865 3662 2066 3718 nunc
2113 3642 2246 3716 stat
2291 3640 2641 3733 aheneus,
2693 3638 2820 3715 etfi

968 3794 1220 3867 Certat
1267 3782 1497 3859 adhuc
1541 3775 1774 3872 primo
1821 3773 2008 3846 flore
2055 3782 2344 3867 tegente
2393 3786 2657 3865 genasg

862 3918 1106 3997 Aetati
1151 3916 1290 3989 cita
1335 3910 1502 4007 sunt
1550 3902 1716 3979 dm
1756 3898 2112 3995 praemia,
2163 3896 2312 3969 sera
2363 3895 2692 3971 coronisg

957 4048 1118 4125 Illas
1167 4042 1294 4141 qui
1341 4050 1704 4125 mmet-at,
1753 4027 1893 4126 iam
1934 4040 2144 4123 putat
2191 4026 2332 4103 effe
2377 4021 2641 4104 senem,

1680 4288 1876 4366 -111.
1945 4284 2057 4361 De
2107 4281 2325 4359 eodem

857 4567 1025 4644 Hoc
1073 4558 1204 4637 tibi
1248 4550 1694 4648 Porphyrius
1743 4545 2095 4637 Viaoria,
2143 4542 2344 4641 quod
2400 4540 2803 4634 Cythereae

957 4684 1360 4772 Anchises,
1413 4681 1660 4754 Lunae
1711 4674 1912 4777 quod
1957 4673 2104 4773 fuit
2149 4664 2610 4761 Endymion:

861 4818 992 4893 Ille
1041 4815 1208 4889 suos
1256 4808 1426 4882 dum
1471 4794 1695 4913 mutat
1745 4788 2020 4899 equ'os',
2071 4792 2363 4893 notique
2416 4786 2725 4888 sodalis,

948 4943 1178 5040 Inque
1235 4935 1432 5015 vices
1477 4932 1692 5027 illos,
1739 4932 2012 5028 hosque
2055 4946 2190 5023 per
2235 4940 2507 5021 aequor
2552 4915 2750 5019 agit,

1961 5052 2022 5131 F
2068 5074 2117 5127 α

3262 515 3411 628 ·’4’3

3202 5002 3395 5127 Ab&
