4775 6000
1107 506 2012 602 MAN'T1ss‘A
2116 439 2947 598 SECUNDA.
3228 539 3381 622 323

1204 745 1208 750 ’
1272 777 1404 855 XI
1429 775 1516 858 V.
1582 771 1730 848 Sub
1749 768 1988 872 statua
2041 771 2358 850 Cleaetae
2408 769 2717 850 Athenis.

823 1006 1184 1084 Cleiaetas
1237 1015 1444 1078 natus
1488 1021 1598 1073 me
1647 999 1823 1074 fecit
1877 995 2252 1073 Aristoclis
2281 1049 2308 1088 ‚
2361 999 2604 1098 isqui

925 1131 1198 1208 Primus
1251 1128 1722 1224 Olympiacos
1767 1121 2062 1227 'carcere
2109 1118 2290 1196 misit
2339 1141 2597 1240 equos.

1459 1387 1650 1463 XV.
1701 1383 1838 1460 Sub
1867 1375 2102 1478 statua
2157 1376 2475 1454 Ochotae.

819 1614 1095 1690 Oeniae
1143 1611 1262 1686 hic
1319 1609 1636 1684 Oebotas
1672 1662 1696 1698 ,
1769 1605 1992 1680 stadio
2053 1601 2175 1700 qui
2223 1600 2457 1678 vic'cor
2506 1603 2840 1680 Achaeus

913 1741 1186 1818 Paleiae
1236 1737 1506 1834 patriae
1557 1734 1786 1836 gloria
1835 1751 2085 1830 magna
2129 1728 2298 1804 fuit.

1260 1996 1508 2069 XVI.
1557 1995 1646 2064 In
1691 1993 1964 2062 donario
2013 1987 2284 2077 quodam
2333 1985 2684 2063 Laodices.

814 2221 1128 2300 Laodice
1177 2195 1469 2312 peplum
1521 2213 1610 2286 de
1665 2209 1924 2304 Cypro
1964 2208 2190 2296 mifit,
2247 2221 2328 2280 ut
2378 2208 2550 2281 esset

915 2347 1326 2442 Armigerae
1377 2339 1603 2436 patria
1654 2355 1914 2410 munus
1965 2331 2040 2407 in
2091 2331 2270 2406 urbe
2323 2327 2551 2406 Deae.

913 2597 1214 2682 XVII.
1281 2601 1370 2674 In
1418 2597 1684 2672 donario
1736 2591 2006 2688 quodam
2052 2587 2469 2683 Dinomenis,
2515 2587 2829 2668 Hieronis
2862 2595 3031 2695 filii.

814 2832 899 2906 ln
945 2826 1134 2903 ludis
1190 2823 1407 2898 Elaee
1457 2819 1600 2894 tuis
1651 2837 1778 2891 rex
1827 2834 2081 2909 magne
2129 2813 2463 2888 Deorum

903 2950 1288 3055 Quadrigis
1335 2941 1876 3023 iterumvictor
1929 2961 2264 3041 equoque
2315 2941 2567 3033 fimul‚

809 3085 1010 3161 Haec
1061 3080 1336 3155 Hieron
1381 3052 1577 3147 dedit
1623 3072 1762 3145 effe
1813 3070 1924 3145 sui
1967 3084 2421 3146 monumenta
2451 3120 2478 3161 ‚
2530 3068 2825 3145 sacravit

907 3209 1144 3285 Natus
1198 3202 1637 3277 Dinomenes
1661 3248 1690 3288 ‚
1737 3194 1946 3271 ambo
1998 3196 2376 3288 Syracosii.

1230 3418 1584 3500 XVIII.
1645 3414 1784 3491 Sub
1827 3415 2059 3513 Byzan
2092 3408 2348 3510 statuis
2394 3416 2467 3486 in
2509 3370 2737 3492 Naxo.
2796 3408 2805 3417 ’

794 3640 1081 3734 'Naxius
1129 3646 1270 3721 hoc
1312 3644 1610 3721 Phoebo
1660 3637 1860 3715 dedit
1905 3590 1989 3711 δι’
2033 3635 2162 3713 tibi
2213 3635 2429 3713 Delia
2457 3691 2484 3732 ,
2535 3638 2736 3733 Byza

903 3780 1020 3855 De
1068 3791 1318 3873 patre,
1365 3770 1570 3869 cuius
1623 3786 1811 3863 opus
1857 3764 2102 3861 tegula
2151 3765 2374 3860 prima
2420 3766 2592 3842 fuit.

1095 3997 1361 4073 XIX..
1389 3992 1524 4069 Sub
1554 3986 1790 4089 statua
1841 3984 2222 4088 Lysandri,
2266 3986 2643 4090 Arzstocrin·
2674 3993 2838 4091 filii.

797 4226 886 4305 In
931 4220 1167 4321 magni
1215 4211 1425 4316 quem
1473 4214 1652 4289 stare
1699 4210 1902 4289 vides
1954 4211 2164 4310 Jovis
2210 4230 2477 4309 augure
2530 4213 2703 4289 luco

898 4352 1031 4426 Me
1075 4347 1316 4447 posuit
1366 4344 1590 4415 clarae
1641 4338 1928 4437 publica
1979 4354 2150 4411 cura
2204 4339 2446 4419 Samis

1075 4570 1249 4647 xx,
1307 4526 1398 4643 J'n
1441 4561 1598 4661 basa,
1610 4560 1882 4665 statuae
1929 4563 2152 4641 Aaou
2174 4617 2201 4659 ,
2251 4561 2676 4661 Endymionis
2708 4561 2875 4664 fini.

807 4796 959 4898 Qui
1003 4795 1188 4890 ripas
1211 4846 1239 4886 ‚
1289 4792 1658 4889 Alphaee‚
1704 4807 1864 4869 tuas
1913 4786 2256 4866 habitavit
2278 4840 2304 4880 ,
2358 4786 2605 4886 ibique

905 4922 1208 5000 Vicinus
1273 4920 1496 4997 stadio
1561 4920 1792 4999 crevit
1847 4918 2278 5015 Olympiaco
2297 4970 2328 5013 ,
2668 4916 2673 4920 ’

1183 5078 1188 5081 ·
1907 5044 1956 5122 S
1975 5066 2012 5124 s
2055 5066 2106 5124 α
2311 5061 2325 5076 ’
2896 5038 2898 5041 ⁴
3180 5041 3326 5135 Ae.
