4775 6000
1391 538 1904 624 Lmen
2008 498 2812 638 QUINTUS·

1720 862 1868 940 IV.
1929 859 2040 934 De
2091 859 2437 957 Euripide.

902 1126 1158 1221 Euripi
1206 1123 1336 1222 qui
1383 1141 1641 1200 nomen
1686 1122 1900 1199 habet
1949 1121 2199 1196 mirare
2247 1123 2577 1216 po‘e‘tamz

907 1256 1132 1328 Nunc
1179 1272 1472 1349 quoque
1523 1271 1682 1326 cum
1735 1249 2020 1345 tragicis
2049 1247 2419 1344 loquitur,
2468 1243 2591 1318 sed
2629 1238 2891 1336 corde,
2946 1235 3332 1316 camoenis

907 1379 1100 1456 Casti
1151 1377 1364 1454 moris
1413 1397 1696 1452 amans:
1743 1377 1914 1474 talis,
1957 1391 2342 1472 tantusque
2396 1370 2625 1450 videri

903 1506 1148 1580 Attica
1193 1505 1500 1580 vibravit
1544 1505 1764 1600 qualis
1812 1523 1940 1597 per
1992 1500 2272 1596 pulpita
2323 1498 2667 1592 thyrsum.

1679 1791 1776 1865 V.
1845 1789 1956 1862 De
2003 1785 2444 1882 Palaephato.

907 2049 1298 2122 Caesariem
1343 2011 1532 2121 lauri*
1574 2048 1698 2122 fibi
1749 2047 2008 2122 fronde
2058 2047 2521 2142 Palaephatus
2573 2056 2827 2118 ornat:

902 2173 1236 2250 Fatidicis
1285 2175 1602 2250 sonitura
1656 2192 1866 2270 putes
1915 2172 2050 2267 jam
2103 2173 2400 2248 vocibus
2449 2192 2631 2247 aera.

1405 2463 1555 2540 v1.
1625 2461 1735 2537 De
1783 2463 2062 2559 Hestoao
2112 2459 2197 2546 ες
2243 2461 2510 2560 Polyido
2558 2413 2741 2538 ναί

1825 2589 1912 2675 &²
1959 2587 2314 2666 Simonide.
2822 2597 2831 2606 ‘

895 2846 1257 2924 Disserere
1307 2845 1694 2922 Hesiodum
1745 2849 1975 2932 Musis
2025 2849 2513 2924 habitantibus
2552 2847 2816 2920 Ascrae

897 2967 1174 3043 Summa
1219 2985 1467 3065 putes:
1520 2973 1750 3069 ipsum
1800 2974 1976 3071 quin
2029 2993 2144 3049 aes
2191 2995 2487 3071 quoque
2539 2993 2799 3071 cogere
2848 2979 3075 3047 tentat

889 3094 1232 3171 Edendos
1276 3098 1366 3171 ad
1411 3122 1596 3177 voce
1644 3104 1878 3177 sonOS.
1931 3102 2088 3177 Stat
2133 3102 2505 3197 proximus
2557 3102 2667 3174 illi
2798 3174 2817 3185 ,

883 3222 1186 3297 Frondis
1240 3226 1692 3318 Apollineae.
1716 3228 2064 3321 Polyidus
2107 3228 2385 3305 honore
2438 3229 2841 3325 superbae,

895 3348 1189 3447 Oraque
1239 3364 1534 3423 conatur
1577 3353 1742 3427 fatis
1791 3354 2066 3447 aperire
2116 3356 2494 3429 canendis:

894 3475 1037 3546 Ars
1087 3488 1326 3548 vetat.-
1377 3476 1823 3573 adstringunt
1873 3479 2224 3575 captivam
2276 3478 2569 3553 vincula
2615 3478 2952 3575 linguam.

897 3598 1062 3673 Nec
1109 3598 1242 3673 tibi
1289 3602 1620 3676 cantandi
1664 3603 1946 3679 deceffit
1995 3604 2249 3680 blanda
2295 3602 2559 3698 cupido

897 3725 966 3799 O
1021 3726 1244 3800 Mufis
1291 3727 1602 3804 adamate
1657 3719 2070 3807 Simonidaz'
2116 3752 2314 3807 nunc
2366 3752 2658 3829 quoque
2707 3728 2909 3804 cordi

885 3853 1012 3927 Est
1061 3854 1264 3946 lyra,
1315 3854 1436 3928 sed
1485 3854 1690 3950 digiti
1733 3878 1996 3931 nervos
2042 3856 2322 3951 pulsare
2370 3858 2745 3947 recusant3

895 3990 1143 4073 Atque
1193 3981 1462 4053 utinam
1515 3980 1762 4057 dulces
1812 3982 2017 4057 ficstor
2062 3984 2404 4079 potuisset
2452 3984 2527 4059 in
2577 4002 2739 4055 aere

883 4103 1291 4179 Admiscere
1341 4107 1638 4183 modos:
1691 4126 1922 4183 tamen
1969 4130 2086 4193 aes
2137 4110 2269 4185 tibi
2315 4109 2386 4183 se
2433 4108 2783 4204 approbat
2828 4105 3097 4204 ipsum,

899 4230 994 4305 Et
1039 4231 1346 4307 sonitum
1397 4251 1592 4330 mota
1641 4234 1888 4333 quavis
1935 4234 2285 4311 testudine
2335 4236 2592 4311 reddit.

1607 4524 1806 4603 VII.
1873 4514 1980 4601 De
2031 4526 2469 4605 Anaximene.

851 4776 1164 4851 ‘Mentis
1217 4770 1688 4855 Anaximenes
1737 4782 2070 4875 sapientis
2117 4786 2439 4859 acumine
2490 4782 2773 4881 pollens

889 4898 1232 4980 Veriabat
1279 4906 1516 4983 varios
1563 4908 1812 4987 divino
1857 4908 2155 5007 pestere
2205 4910 2473 4990 sensu&

3154 5029 3410 5125 V,111.
