4775 6000
1260 509 1775 590 LrnER
1875 481 2759 594 SEPTIMUS.

1201 793 1678 876 LXXVII.
1756 797 2084 874 ΡΛυικ
2164 801 2858 884 Srzznrmnn

1823 941 2251 1056 Responsum.

868 1217 995 1318 Jus
1040 1218 1263 1295 nescit
1307 1217 1675 1294 violentus
1722 1237 1943 1295 amor.
1995 1217 2337 1294 divessere
2386 1223 2476 1298 ab
2522 1220 2650 1299 illo

968 1344 1211 1422 officii
1258 1345 1439 1418 ratio
1485 1346 1637 1420 n‘on
1686 1347 1879 1419 valet
1922 1345 2065 1418 ulla
2114 1345 2368 1418 vitum.

864 1473 972 1548 At
1021 1487 1093 1547 te
1141 1472 1195 1546 fi
1242 1473 1532 1567 possunt
1591 1471 1899 1545 retinere
1940 1471 2231 1566 negotia
2272 1471 2566 1567 legum,

714 1571 721 1582 ’
902 1644 910 1657 ι
965 1597 1123 1698 Jam
1168 1610 1291 1671 tua
1342 1595 1467 1670 vix
1516 1593 1841 1670 modicus
1894 1592 2185 1690 peetora
2236 1608 2468 1671 tentat
2517 1619 2740 1676 amor.

865 1723 1140 1822 Ecquis
1188 1743 1493 1819 namque
1536 1742 1735 1797 amor
1773 1719 1931 1814 est,
1984 1721 2036 1796 fi
2086 1737 2161 1796 te
2210 1723 2592 1816 prohibere
2639 1729 2924 1824 puellae

965 1849 1246 1926 Sufficit
1290 1847 1581 1943 aspeecu
1634 1863 1773 1922 tam
1822 1845 2063 1922 brevis
2114 1847 2306 1964 ussda
2354 1849 2578 1924 freti?

864 1977 1219 2054 Monstrat
1270 1975 1719 2068 Abydenus,
1768 1991 1947 2070 quae
1998 1971 2109 2046 vis
2155 1971 2231 2050 in
2280 1993 2568 2070 amore,
2620 1993 2947 2078 natator,

968 2105 1203 2203 Quem
1250 2099 1601 2176 noesturna
1650 2099 1829 2174 nihil
1875 2097 2131 2173 terruit
2177 2099 2279 2172 ita
2328 2102 2560 2179 maris.

865 2233 972 2306 At
1020 2228 1151 2304 tibi
1200 2227 1364 2302 sunt
1410 2244 1629 2301 naves
1680 2227 1913 2300 etiam.
1968 2223 2111 2299 Sed
2156 2227 2231 2300 in
2280 2245 2431 2299 arte
2485 2228 2862 2310 Minervae

854 2417 867 2424 -
967 2357 1208 2431 Totus
1256 2375 1361 2430 es.
1402 2353 1577 2424 haec
1636 2350 1900 2425 Veneri
1948 2369 2099 2424 non
2152 2349 2313 2424 finit
2359 2351 2494 2427 effe
2542 2355 2811 2447 locum.

866 2485 1055 2562 Cum
1103 2479 1357 2556 Venus
1398 2475 1695 2554 affeaus
1740 2475 2035 2563 habeat,
2086 2473 2418 2552 Tritonia
2469 2478 2664 2578 leges
2688 2537 2715 2575 ,

959 2611 1143 2712 Quis
1163 2662 1191 2700 ‚
1240 2626 1497 2703 precor
1518 2659 1545 2700 ‚
1592 2602 1757 2680 huic
1800 2600 2067 2697 pariter
2112 2597 2370 2679 serviat
2421 2603 2496 2681 δε
2549 2607 2876 2691 Veneri?

1126 2859 1659 2941 LXXVIII.
1713 2860 2311 2952 Aen-maz,
2365 2857 2942 2950 OnAronrs.

867 3131 1047 3207 Non
1092 3122 1273 3201 ‘tanti
1320 3123 1393 3217 ju
1407 3140 1657 3197 venum
1706 3118 2043 3225 divexant
2094 3118 2315 3195 corda
2356 3122 2686 3218 labores,

966 3256 1133 3329 Heu
1179 3249 1428 3346 quanti
1470 3247 1751 3321 miseras
1804 3266 1937 3321 nos
1986 3244 2333 3321 muliebre
2381 3264 2636 3344 genus.

868 3384 1053 3458 Sunt
1104 3378 1243 3451 illis
1288 3389 1638 3468 aequaeva
1686 3370 1989 3459 cohors,
2038 3390 2344 3467 quorum
2393 3372 2612 3447 audet
2658 3372 2735 3452 in
2784 3395 2990 3458 aures

977 3507 1235 3583 Libera
1284 3521 1432 3577 vox
1479 3518 1683 3572 curas
1736 3516 2126 3574 exonerare
2182 3496 2390 3587 suas3
2978 3478 2996 3485 ’

872 3634 1053 3711 Sunt
1101 3626 1276 3702 varii
1320 3624 1566 3699 lusus:
1624 3620 1699 3695 δι
1751 3641 1941 3695 nunc
1990 3642 2121 3715 per
2172 3625 2482 3717 compita
2527 3626 2806 3727 cursant
2829 3682 2862 3725 ,

970 3756 1047 3831 N
1053 3774 1195 3829 unc
1242 3752 1513 3827 animos
1558 3748 1647 3823 ad
1698 3749 1769 3823 se
1833 3746 2021 3842 pieta
2070 3748 2334 3826 tabella-
2368 3770 2606 3830 vocat.

792 3878 801 3887 ’
878 3882 1123 3963 Nobis
1175 3899 1310 3953 nec
1356 3880 1589 3952 lucem
1634 3874 1743 3949 fas
1791 3892 2121 3965 cernere-z
2176 3875 2552 3954 condimur
2598 3878 2784 3957 intra

975 4004 1291 4083 Claustra
1340 4003 1595 4078 domus
1618 4054 1644 4093 ,
1695 4002 1889 4077 tabes
1940 4021 2075 4075 nos
2126 4002 2251 4076 ubi
2301 4022 2506 4078 caeca
2555 4021 2786 4111 vorat.

1445 4254 1861 4335 LXXIX.
1963 4252 2646 4356 Ejusnnm.

872 4522 1001 4599 Est
1047 4516 1309 4596 dietum
1356 4516 1679 4614 sapienS,
1729 4540 1821 4595 ne
1870 4518 2047 4618 quid
2095 4517 2347 4595 nimis:
2395 4516 2498 4592 ast
2547 4540 2686 4618 ego
2739 4530 3096 4619 tamquam

866 4699 881 4711 .
972 4649 1225 4744 Digna⁸
1258 4643 1647 4742 puellarum
1698 4664 1868 4719 cura
1886 4696 1911 4733 ‚
1962 4646 2309 4740 superbus
2358 4663 2593 4717 eram:
2731 4713 2736 4724 ,

870 4776 1101 4873 Inque
1148 4774 1319 4848 meis
1368 4771 1674 4846 animum
1722 4771 2043 4847 manibus
2091 4790 2204 4843 me
2255 4768 2464 4843 rebar
2513 4767 2772 4845 habere

806 4918 833 4947 0
963 4899 1307 4997 Virginis,
1354 4900 1447 4974 ah
1496 4913 1767 5005 quanto
1817 4894 2088 4974 vastior
2136 4894 2258 4967 illa
2303 4893 2473 4973 fuit.

781 5030 920 5109 To
937 5050 1027 5104 M.
1080 5024 1215 5103 111.
2076 5022 2135 5098 F
2152 5020 2203 5098 f

3239 547 3398 626 225
3475 589 3482 596 .

3213 5028 3407 5119 coeq
