4775 6000
1560 189 1604 206 s

1047 531 2884 650 MANTI-SSAsli-CUNDA.
3176 563 3331 642 311

1465 897 1471 900 .
1605 817 1680 896 X
1701 819 1792 897 L.
1853 817 1968 896 De
2016 818 2324 921 Deipyle.

801 1053 1104 1153 Deipyli
1148 1058 1603 1127 monumenta
1648 1043 1853 1160 uides
1901 1045 2197 1124 illustrla
2219 1101 2243 1140 ‚
2291 1049 2599 1146 pulcher
2671 1127 2687 1132 ,

905 1181 1055 1280 Qui
1102 1179 1283 1269 fuit,
1337 1171 1722 1294 Ormenius
1771 1171 1861 1246 de
1911 1188 2116 1268 patre
2169 1176 2631 1271 Tlepolemo.

1491 1427 1726 1508 XLI.
1793 1425 1908 1502 De
1957 1395 2166 1502 Zetho
2219 1421 2494 1503 Thebis.
2550 1477 2554 1482 -

809 1656 1157 1736 Condidit
1202 1653 1320 1728 hic
1372 1651 1640 1745 septem
1689 1646 1920 1743 portis
1967 1651 2136 1727 urbs
2185 1648 2462 1743 inclyta
2517 1651 2881 1752 Zethum,

901 1785 1220 1880 Antiopa
1267 1799 1506 1896 regem
1554 1775 1643 1848 de
1689 1775 2039 1872 genitrice
2087 1779 2384 1854 bonum.

1327 2036 1400 2109 X
1423 2033 1618 2110 LII.
1671 2031 1786 2106 De
1834 2031 2089 2130 Pylade
2135 2030 2206 2103 in
2253 2028 2568 2108 Phocide.

801 2261 1018 2339 Filius
1077 2257 1197 2332 hic
1250 2252 1573 2350 Strophii
1621 2253 1930 2346 Pylades
1977 2253 2142 2350 post
2187 2252 2332 2329 fata
2379 2255 2759 2350 quiescens

905 2387 992 2460 In
1043 2397 1226 2458 terra
1273 2383 1582 2481 pofitum
1631 2378 1948 2454 Phocide
1995 2396 2264 2475 corpus
2307 2375 2548 2454 habet.

1347 2619 1422 2696 X
1442 2618 1688 2696 LIII.
1739 2614 1878 2698 De*
1899 2615 2116 2692 Acin
2163 2616 2238 2692 in
2290 2611 2621 2693 Colchide.

801 2859 1132 2949 Aeeten,
1183 2853 1390 2930 tellus
1438 2851 1552 2930 cui
1599 2853 1838 2948 paruit
1883 2872 2100 2928 aurea
2146 2852 2304 2948 regi

899 2979 1286 3075 Colchica,
1338 3002 1551 3079 quem
1601 2980 1834 3058 cernis
1881 2979 2148 3079 cespite
2197 2979 2344 3062 fata
2393 2991 2671 3058 tenen-t.

1281 3206 1354 3283 X
1377 3203 1614 3283 LIV.
1675 3204 1792 3287 De
1839 3202 2175 3280 Atalanta
2221 3206 2293 3279 in
2343 3204 2667 3281 Arcadia.

803 3426 1090 3523 Dignus
1142 3446 1354 3523 quem
1401 3428 1642 3503 videas
1691 3429 2047 3504 tumulus:
2106 3426 2560 3504 celeberrima
2608 3428 2799 3505 fama

887 3554 1044 3629 Iafii
1093 3553 1381 3631 soboles
1429 3555 1552 3629 hie
1598 3556 1933 3632 Atalanta
1976 3553 2184 3649 jacet.

1368 3778 2558 3873 TquANouuu.

1467 4000 1538 4075 X
1561 4000 1745 4076 LV.
1819 3998 1926 4072 De
1979 4000 2443 4082 Laomedonte.

791 4222 1104 4299 veloces
1151 4222 1248 4298 ob
1296 4242 1533 4320 equos⁴
1576 4223 1930 4316 privatum
1983 4244 2278 4299 munere
2327 4198 2562 4317 vitae,

899 4350 1126 4423 Terra
1176 4350 1352 4423 haec
1399 4348 1859 4447 Pergamiden
1911 4349 2399 4427 Laomedonta
2440 4354 2659 4452 tegit.

1291 4574 1616 4651 XLVI.
1661 4574 1774 4649 De
1817 4576 2098 4649 Hebion
2133 4570 2266 4669 fito
2320 4572 2601 4654 Thebis..

788 4794 1044 4871 Baeoti·
1088 4796 1412 4872 struxere
1463 4798 1646 4889 viri,
1699 4815 2160 4877 monumenta
2208 4800 2473 4879 futuris

888 4921 1241 5002 Gentibus
1266 4977 1297 5020 ,
1347 4926 1544 5004 hunc
1586 4926 1934 5007 tumulum
1983 4926 2294 5011 nominis
2345 4924 2713 5009 Hestorei.
2930 5013 2935 5017 ,

1449 5058 1464 5075 ’
2925 5055 3309 5140 XLVII.
