4775 6000
2025 531 2088 652 ζ
2188 535 2322 624 ui
2424 533 2489 647 )'

867 763 1028 856 erit
1043 835 1068 871 ‚
1119 769 1320 853 hanc
1358 763 1696 876 nostram
1731 759 2212 876 sententiam
2251 759 2592 873 exemplo
2612 821 2639 865 ,
2706 761 2809 848 ab
2842 759 2979 846 hoc
3024 759 3182 848 loco
3232 783 3385 848 non
3420 761 3607 874 pla-

861 910 965 966 ne
1017 881 1266 969 alieno
1281 944 1305 980 ,
1366 877 1793 986 illustrare.
1861 911 1868 920 ·

974 995 1087 1080 D.
1135 988 1501 1102 Heinsius
1522 1057 1548 1095 ‚
1591 995 1718 1078 ¹vir
1755 987 2346 1099 eruditifflmus,
2402 990 2735 1076 vivebat
2766 1013 2941 1076 cum
2966 989 3339 1076 Hucomt
3380 988 3601 1075 Gno-

855 1131 1000 1194 ⁴no
1053 1102 1638 1214 conjunbiiffl'me
1695 1104 1790 1190 ἐξ
1827 1107 2114 1214 quavis
2169 1103 2362 1186 data
2420 1101 2793 1210 occasione
2848 1116 3026 1185 erat
3081 1099 3301 1186 illius
3350 1100 3602 1186 virtu-

855 1236 1028 1302 tum
1049 1218 1566 1330 praedicator
1601 1219 2172 1302 celeberrimus.
2291 1217 2491 1302 Cum
2519 1217 2783 1326 itaque
2836 1239 3042 1300 anno
3103 1241 3133 1298 1
3150 1221 3259 1298 60
3266 1240 3339 1318 3.
3432 1212 3595 1302 He·

839 1330 1140 1440 siodum
1187 1335 1450 1416 ederet
1467 1394 1492 1434 ‚
1537 1333 1776 1416 etiam
1809 1333 1898 1414 in
1941 1331 2241 1414 Graeco
2263 1330 2621 1414 carmine
2656 1331 2963 1414 Gaea-11
2995 1326 3439 1413 amicitiam
3476 1343 3601 1412 at·

851 1471 999 1552 que
1055 1447 1486 1528 doctrinam
1524 1445 1866 1554 fiemmis
1921 1443 2290 1528 laudibus
2345 1441 2627 1552 efferre
2698 1469 2853 1526 non
2932 1441 3158 1524 dubit
3168 1442 3352 1526 avit
3370 1468 3401 1523 .·
3470 1439 3607 1550 se-

851 1560 1266 1664 quentibus
1293 1583 1466 1643 uero
1525 1557 2001 1668 temporibus
2035 1581 2210 1640 cum
2247 1553 2621 1662 Heinstus
2671 1556 3025 1638 alteram
3066 1549 3401 1658 Hesiodi
3440 1553 3601 1636 edi·

849 1671 1136 1754 tionem
1197 1672 1284 1752 in
1326 1670 1572 1752 lucem
1585 1668 1992 1780 proferret
2011 1732 2038 1774 ,
2098 1667 2191 1753 δι’
2239 1690 2296 1750 a
2353 1670 2681 1757 Gnono
2735 1669 2829 1751 de
2864 1665 3261 1779 republica
3322 1662 3595 1774 deffen-

845 1784 1065 1879 tiret‚
1103 1807 1198 1865 ea
1231 1783 1521 1884 verba,
1578 1804 1780 1890 quae
1814 1783 2124 1867 Gno‘rn
2167 1779 2437 1865 laudes
2470 1781 2957 1866 continerent
2970 1844 2997 1884 ‚
3056 1779 3132 1883 ej
3134 1778 3311 1876 ecit,·
3353 1801 3591 1888 quam

846 1896 1156 1977 remita
1187 1911 1525 1977 enarrat
1545 1891 2247 2004 praestantifflmus
2267 1894 2536 1977 aufflor
2556 1891 2663 2004 Jo
2682 1955 2703 1980 .
2734 1894 2925 1978 Alb.
2949 1890 3393 1978 Fabricius.
3436 1888 3597 2002 (†)

843 2079 914 2130 ,‚
982 2011 1576 2110 Penultimus
1615 2015 1722 2109 in
1757 2015 2262 2140 appendice
2305 2009 2633 2134 hymni
2682 2010 3011 2136 versus

995 2327 1054 2376 „
1129 2261 1202 2348 Γ
1205 2253 1585 2382 ρωτισῖδην
1631 2257 1709 2349 τ’
1747 2251 1989 2377 ἐρίηρα
2015 2322 2044 2367 ,
2117 2250 2367 2374 φίλον
2415 2249 2665 2372 ζύγος
2700 2249 2856 2350 αἳεν
2906 2254 3176 2374 ἐόντε,
3248 2315 3368 2342 --

837 2579 908 2633 ,,
977 2509 1358 2634 omissus
1415 2507 1536 2637 esi
1607 2511 1714 2607 in
1766 2507 2160 2608 editione
2199 2503 2731 2637 Heinfiana
2821 2507 3077 2610 1622
3150 2511 3259 2608 in
3318 2511 3591 2612 Otta-

835 2721 908 2768 „
974 2679 1094 2748 vo
1131 2729 1164 2778 ‚
1217 2645 1420 2773 post
1488 2647 1955 2776 Synodum
1993 2647 2727 2748 Dordracenam
2798 2648 3059 2746 edita
3078 2643 3175 2768 ,⁹⁹
3236 2647 3587 2776 (etiam

830 2789 940 2884 in
981 2788 1204 2883 aliis
1239 2784 1960 2908 recentioribus)
1983 2787 2232 2906 quod
2267 2783 2707 2911 Heinsius
2724 2813 2910 2885 non
2939 2788 3339 2884 auderet
3366 2806 3583 2885 tan·

830 2925 956 3021 tis
1005 2918 1447 3019 laudibus
1486 2922 1906 3025 maffare
1940 2947 2270 3019 nomen
2321 2919 2813 3022 Hucoms
2866 2920 3324 3043 GROT11‚
3370 2925 3581 3023 lau·

825 3059 1372 3188 datiffimum
1401 3056 1840 3186 proficio,
1863 3060 2052 3181 fied
2067 3060 2864 3187 praevalentibus
2894 3079 3098 3161 tum
3120 3064 3228 3160 in
3250 3060 3573 3195 Belgio

723 3262 736 3273 -
802 3196 1259 3322 partibus
1323 3198 1764 3322 invisum.

941 3330 1303 3410 Videmus
1363 3325 1664 3429 Heinfi't'
1719 3330 2306 3415 inbecillitatem
2345 3335 2645 3437 animi,
2724 3334 2863 3442 qui
2897 3336 3133 3421 rebus
3190 3335 3451 3419 dubiis
3470 3332 3568 3441 [ὅ

823 3464 978 3521 non
1033 3440 1362 3520 auderet
1379 3430 1751 3543 profiteri
1779 3436 2120 3517 amicum
2157 3437 2376 3536 istius
2409 3447 2566 3521 viri
2584 3498 2608 3535 ‚
2666 3468 2815 3543 quo
2879 3474 3023 3524 nec
3080 3448 3373 3531 doctior
3424 3470 3567 3527 nec

821 3550 1100 3633 melior
1141 3547 1346 3631 vixit
1399 3570 1772 3655 unquam.
1887 3547 2051 3630 Sed
2082 3545 2293 3631 illud
2337 3549 2668 3658 tempori
2708 3552 3297 3639 condonandum
3334 3554 3561 3661 fhrte

817 3659 1179 3745 nonnulli
1199 3660 1644 3769 putabunt,
1683 3684 1924 3771 neque
1943 3659 2030 3743 in
2049 3683 2144 3743 ea
2160 3683 2252 3742 re
2277 3654 2419 3769 effe
2443 3660 2687 3744 ullam
2720 3658 2975 3768 infesti
2990 3667 3244 3750 animi
3260 3663 3569 3777 fignifi-

817 3775 1223 3857 cationem.
1301 3771 1585 3854 Verum
1607 3772 1817 3853 enim
1857 3796 2029 3857 uero
2056 3796 2212 3855 non
2247 3774 2370 3855 his
2420 3774 2869 3858 continetur
2906 3770 3217 3881 finibus
3238 3840 3264 3879 ‚
3312 3780 3555 3863 latius

815 3886 956 3967 hoc
973 3948 998 3985 ‚
1047 3882 1122 3992 si
1161 3886 1468 3991 quando
1491 3885 1840 3991 eruperit
1856 3947 1882 3985 ‚
1923 3882 2182 3993 serpit
2201 3883 2501 3967 malum
2516 3950 2541 3985 ‚
2584 3902 2817 3995 atque
2850 3912 3145 3975 omnem
3165 3890 3551 3997 jucundi-

813 4012 1056 4079 tatem
1071 4020 1168 4079 ac
1190 3992 1644 4099 honestatem
1686 4021 1782 4079 ex
1823 3997 2218 4080 hominum
2237 3998 2404 4081 vita
2430 3998 2663 4083 tollit.
2722 3995 2959 4111 ,Quid
2992 4006 3198 4087 enim
3230 4006 3549 4115 turpius

814 4130 912 4189 ac
967 4110 1222 4213 magis
1252 4108 1624 4211 jejunum
1679 4108 2118 4214 excogitari
2155 4105 2443 4217 potest,
2505 4134 2743 4219 quam
2782 4129 3120 4223 propter
3156 4120 3546 4223 quoddam

807 4219 1283 4327 reipublicae
1337 4222 1528 4301 bene
1561 4222 1948 4323 gerendae
1973 4216 2320 4326 studium
2341 4284 2366 4324 ,
2425 4245 2571 4329 quo
2628 4224 2754 4305 hic
2788 4221 2885 4309 ἐν’
2925 4226 3057 4313 ille
3086 4226 3542 4315 libertatem

809 4332 1026 4413 tueri
1063 4332 1530 4439 patriaeque
1585 4335 2002 4417 commodis
2039 4332 2136 4441 se
2189 4333 2567 4441 inservire
2623 4335 3049 4445 opinantur
3067 4402 3093 4435 ‚
3170 4338 3267 4427 ἐν’
3362 4366 3539 4427 enes

803 4466 1029 4549 quem
1071 4440 1172 4550 sit
1229 4445 1538 4527 veritas
1576 4443 1661 4525 in
1693 4448 1943 4529 tantis
1995 4443 2443 4531 animorum
2481 4449 3227 4559 perturbationibus
3269 4357 3364 4537 ἐξ
3418 4480 3539 4538 re·

799 4579 983 4637 rum
1041 4556 1116 4637 ci
1119 4554 1391 4639 uilium
1431 4552 1804 4667 fluchbus
1853 4552 2167 4663 difficile
2227 4559 2646 4645 admodum
2676 4556 2781 4665 est
2823 4560 3215 4649 intellebiu
3230 4626 3259 4667 ‚
3298 4561 3538 4670 sanc-

801 4662 1162 4773 tiffimum
1227 4687 1502 4751 nomen
1555 4669 1960 4754 amicitiae
2003 4668 2301 4757 uiolare
2320 4730 2346 4771 ,
2407 4673 2889 4757 inveteratas
2911 4672 3530 4782 familiaritates

801 4802 960 4859 non
1019 4781 1240 4863 modo
1297 4779 1763 4889 extinguere
1784 4844 1810 4886 ‚
1853 4780 2008 4890 sed
2033 4781 2274 4865 etiam
2319 4782 2503 4871 odia
2536 4780 2940 4897 suscipere
2984 4787 3477 4903 sempiterna
3496 4812 3535 4883 ,-

872 4996 1026 5081 (Τ)
1065 4994 1238 5066 Bibl.
1287 4996 1553 5073 Graec..
1596 5020 1658 5071 α.
1705 5019 1848 5091 cap.
1891 4998 1952 5071 8.
1990 5020 2142 5139 pann.
2184 4996 2335 5090 383·
3327 4898 3539 5007 quOd

840 5121 855 5132 ·
2195 5114 2252 5177 2,
