4775 6000
1066 566 1960 656 MAN’rrssA
2063 563 2892 652 SECUNDA.
3172 572 3339 674 ³⁸9

1527 927 1534 937 1
1575 828 1684 906 11.
1754 825 1956 926 Apud
2001 823 2351 905 Sotiommz

785 1032 864 1110 Si
911 1045 982 1108 te
1003 1084 1032 1122 ‚
1085 1025 1408 1105 Clitoriis
1453 1023 1581 1103 ubi
1631 1045 1796 1101 cum
1845 1047 2062 1126 grege
2113 1023 2371 1133 finibus
2417 1041 2659 1116 erm,

895 1158 1130 1246 Urat‚
1179 1156 1315 1228 iter
1365 1150 1666 1228 medium
1715 1152 1866 1228 sole
1915 1169 2250 1242 tenente,
2300 1153 2499 1246 fitiS,

633 1305 636 1308 ’
791 1285 1096 1360 Secutus
1146 1280 1312 1358 bibe
1361 1278 1590 1356 fontis
1637 1293 1902 1373 aquas,
1951 1273 2298 1367 juxtaque
2349 1279 2627 1367 puellas

889 1409 1159 1486 Naidas
1204 1409 1279 1532 in
1329 1405 1534 1526 rnolli
1576 1403 1889 1503 gramine
1941 1399 2098 1473 fiste
2148 1414 2399 1493 pecus·

785 1537 1007 1616 Parce
1056 1533 1179 1608 sed
1229 1531 1341 1605 his
1390 1551 1652 1624 corpus
1699 1525 2039 1602 mundare
2087 1521 2545 1619 liquoribus:
2604 1523 2679 1600 et
2728 1528 2788 1603 fi

883 1661 1152 1741 Ebrius
1201 1681 1327 1749 ea,
1374 1669 1634 1733 noceat
1687 1675 1782 1730 ne
1819 1671 1962 1750 qua
2015 1653 2134 1726 vel
2185 1666 2399 1737 aura,
2444 1647 2645 1745 fuge.

795 1791 973 1867 Odit
1023 1787 1212 1862 enim
1260 1784 1428 1860 fons
1479 1781 1598 1855 hic
1644 1780 1851 1855 vites,
1906 1777 2038 1850 hac
2081 1773 2234 1870 ipse
2285 1775 2703 1874 Melampus

886 1914 1246 1992 Praetidas
1292 1908 1602 1985 exsolvit
1647 1907 1806 1981 labe
1857 1901 2127 1979 furoris
2172 1919 2405 1996 aqua:

775 2047 862 2126 In
907 2040 1192 2137 limphis
1239 2035 1524 2110 haesere
1573 2032 1901 2128 piamina.
1953 2029 2134 2124 triga
2182 2027 2504 2100 sororum

879 2169 1004 2247 Ad
1047 2169 1212 2265 juga
1255 2181 1561 2257 namque
1609 2157 1830 2254 Argis
1879 2165 2176 2230 venerat
2224 2151 2607 2226 Arcadiae·

1563 2347 1732 2426 ΙΙΙ.
1783 2343 1985 2444 Apud
2033 2341 2341 2422 eumdem.

779 2551 1049 2632 Dulcia
1096 2551 1370 2651 gustatu
1419 2565 1600 2648 quae
1646 2544 1818 2620 fons
1861 2541 1980 2616 hic
2022 2541 2292 2638 pocula
2337 2539 2637 2637 praehet

868 2679 1226 2780 Frigidus.
1275 2694 1349 2753 at
1399 2689 1636 2750 mente
1694 2671 1842 2762 est,
1890 2668 2015 2766 qui
2061 2667 2258 2744 bibet
2304 2667 2515 2761 inde,
2562 2667 2779 2766 lapis..

1561 2867 1716 2943 lv.
1781 2863 1983 2962 Apud
2033 2859 2343 2940 eumdem.

773 3066 1115 3151 Terribili
1157 3067 1325 3143 fons
1371 3076 1607 3140 manat
1650 3082 1876 3160 aqua,
1929 3082 2154 3161 quem:
2194 3056 2548 3153 conspicis
2582 3056 2883 3155 hospes,

869 3197 998 3272 Est
1043 3214 1276 3271 tamen
1323 3192 1444 3266 illa
1495 3190 1657 3265 fitis
1701 3206 1855 3263 tuta
1899 3188 2138 3263 lavare
2186 3206 2481 3262 manusz·

779 3326 914 3401 Ille
967 3324 1090 3399 sed
1135 3323 1212 3396 in
1261 3334 1585 3394 ventrem
1634 3328 1966 3411 penetret
2009 3313 2062 3387 ss
2112 3312 2525 3408 splendidus
2573 3311 2832 3389 humor
2859 3364 2888 3405 ‚

857 3453 1015 3529 Imo
1064 3449 1328 3524 summa
1373 3442 1504 3519 tibi
1551 3444 1610 3516 fi·
1653 3438 1872 3515 modo
1921 3438 2116 3511 labra
2165 3438 2403 3535 riget;

771 3579 1050 3675 Sponte
1098 3574 1398 3664 cadent,
1445 3570 1778 3643 alimenta
1828 3565 2060 3665 solent
2103 3564 2234 3661 qui
2282 3562 2651 3659 scindere,
2698 3563 2949 3643 dentes
2965 3607 3011 3660 ,ἵ

872 3704 1122 3799 Osque
1175 3698 1325 3775 dies
1373 3714 1564 3771 unus
1612 3690 1870 3769 reddet
1908 3689 2176 3765 inerme
2223 3688 2373 3765 tibi.
2522 3776 2529 3781 .

1217 3958 1292 4032 'r
1395 3956 1432 4029 1
1532 3955 1602 4029 T
1701 3952 1782 4028 U
1881 3950 1950 4028 L
2048 3948 2130 4024 υ
2233 3948 2284 4023 s
2438 3948 2513 4023 v
2529 3950 2565 4027 1
2581 3904 2643 4031 r.

1307 4144 1926 4259 Epigrammata
1981 4139 2557 4249 Aenigmaticae

1689 4424 1742 4499 I.
1798 4418 1908 4495 De
1959 4420 2155 4498 Vino.

757 4624 951 4699 oum
1003 4592 1188 4699 cum'
1218 4618 1534 4718 Lapithis
1588 4618 1792 4693 sociis
1840 4631 2055 4715 atque
2107 4614 2423 4691 Hercule
2471 4632 2747 4713 magno·
2904 4696 2925 4709 ,

859 4746 1047 4824 Geffi
1095 4750 1170 4825 in
1223 4744 1628 4823 Centauros
1670 4745 1901 4830 bella,
1949 4742 2252 4817 biforme
2303 4761 2554 4835 genus,

595 4882 601 4889 “
756 4874 978 4971 Cujus
1027 4896 1188 4949 cum
1240 4874 1502 4971 triplici
1531 4865 1902 4971 'quondam
1951 4860 2346 4941 moreretur
2395 4868 2482 4943 ab
2531 4864 2692 4945 istu

848 5000 1130 5097 Unica,
1180 5002 1532 5101 Neptuno
1581 4998 1784 5076 causa
1835 4995 2109 5071 doloris
2157 5008 2332 5071 erat.

1781 5123 1970 5203 C·cc
2022 5144 2080 5221 3
2406 5230 2413 5237 ,
3036 5149 3045 5157 ·
3112 5152 3134 5161 -
3182 5122 3287 5197 At
