4775 6000
1407 545 1908 628 Lmen
2009 544 2813 646 QUINTUS.

929 776 1192 850 Mento
1236 771 1458 854 barba
1505 770 1764 848 cadens
1813 771 2044 868 spatio
2089 771 2513 869 dispescitur
2556 771 2796 868 amplo
2818 825 2851 867 ,

920 913 1270 1000 Mollibus
1313 914 1431 986 illa
1481 913 1645 1008 pilis
1691 913 2060 1005 multoque
2115 913 2525 1004 volumine,
2572 935 2708 990 nec
2756 913 2829 987 se

923 1051 1152 1149 Cogit
1195 1053 1272 1127 in
1319 1051 1738 1149 angustum,
1791 1043 1912 1121 sed
1961 1045 2102 1121 late
2153 1048 2509 1140 excurrit,
2560 1049 2637 1124 ότ,
2682 1049 2869 1126 infra

929 1191 1028 1266 Et
1079 1191 1290 1266 vestis
1339 1165 1538 1264 fiinul
1585 1187 1690 1262 est
1737 1167 1818 1261 ei
1869 1165 2188 1283 peeoris
2237 1185 2311 1261 δι
2361 1185 2584 1262 decus
2632 1187 2805 1266 oris.

919 1325 1142 1402 Nuda
1187 1327 1408 1402 comis
1459 1326 1664 1401 frons
1712 1323 1855 1398 est:
1913 1321 1990 1397 δι
2037 1324 2230 1398 adest
2281 1326 2945 1424 sapientia-fronti,

918 1465 1140 1540 Unde
1189 1464 1316 1541 fibi
1360 1483 1592 1538 mores
1641 1459 1859 1534 ducat
1903 1483 2130 1556 puer:
2179 1465 2412 1540 exstat
2462 1469 2821 1564 utrimque

925 1604 1199 1680 Umbra
1251 1601 1648 1700 supercilii:
1698 1619 2005 1700 namque
2057 1623 2170 1678 ars
2221 1601 2362 1676 hoc
2412 1603 2717 1698 provida
2768 1609 3035 1686 vanum

925 1742 1367 1834 Addiderat,
1417 1739 1633 1817 vacui
1680 1739 2010 1816 suberant
2058 1740 2227 1838 quia
2273 1741 2565 1817 luminis
2617 1745 2854 1822 orbes.

915 1879 1343 1978 Adspiciens
1393 1899 1680 1952 caecum
1729 1898 1879 1954 non
1928 1879 2164 1974 poffes
2211 1880 2555 1972 credere;
2603 1865 2801 1956 tanta

859 2011 864 2016 ’
927 2021 1270 2098 Obscuris
1317 2021 1548 2098 oculis
1593 2016 1900 2090 admixta
1935 2003 2058 2086 'est
2099 2019 2368 2106 gratiae
2419 2015 2599 2096 felix

921 2159 1088 2233 Hoc
1135 2157 1390 2232 vitium
1438 2152 1588 2242 est,
1635 2149 1979 2248 labesque
2029 2149 2411 2226 oculorum
2464 2149 2747 2244 profuit
2795 2155 2973 2245 arti,

918 2291 1027 2369 Ut
1075 2294 1294 2390 magis
1337 2312 1432 2365 ex
1480 2290 1626 2363 imo
1675 2287 1972 2364 veniens
2019 2288 2147 2362 lux
2198 2285 2418 2360 corde
2466 2301 2772 2382 pateret.

925 2433 1276 2508 Nonnihil
1331 2426 1712 2504 introrsum
1765 2425 1910 2500 sese
1961 2437 2168 2500 cavat
2214 2441 2515 2521 utraque
2565 2429 2794 2522 mala,

919 2570 1248 2667 Utraque
1303 2569 1602 2643 sulcatur
1651 2563 1892 2662 regist
1947 2561 2072 2638 sed
2123 2559 2410 2658 utrique
2463 2563 2805 2641 venustus

917 2717 1043 2792 Est
1093 2715 1361 2804 decor,
1409 2714 1486 2786 in
1535 2707 1723 2782 socia
1771 2707 2029 2802 recipit
2078 2706 2206 2804 qui
2255 2703 2418 2778 sede
2468 2703 2838 2800 pudorem.

913 2853 1128 2926 Errat
1172 2849 1324 2946 apis
1373 2849 1640 2923 circum
1687 2845 1936 2919 divino
1985 2839 2168 2912 vatis
2214 2838 2290 2909 in
2343 2859 2519 2929 ore,

913 2998 1186 3074 Pierios
1235 2993 1550 3091 paritura
1594 2987 1825 3063 favos.
1879 2998 2130 3055 manus
2171 2977 2393 3051 altera
2444 2976 2745 3073 palmam

912 3136 1233 3213 Alterius
1279 3142 1568 3227 portat3
1607 3122 1910 3226 ‘baculus
1957 3117 2287 3197 sustentat
2337 3130 2759 3216 utramque,

913 3276 1216 3355 Viventi
1261 3290 1418 3346 mos
1463 3264 1693 3364 qualis
1743 3276 1942 3337 erat:
1997 3258 2119 3333 sed
2169 3258 2246 3333 Gt
2297 3258 2543 3356 arrigit
2589 3260 2780 3335 auris

909 3420 1230 3495 Dextera
1279 3411 1394 3499 se,
1443 3406 1836 3503 Phoebum·
1865 3396 2164 3485 cupiens
2207 3393 2449 3461 audire
2497 3397 2958 3491 loquentem,

737 3560 743 3567 ’
837 3618 845 3626 .
909 3555 1065 3627 Aut
1112 3545 1202 3619 de
1253 3540 1490 3616 Pierio
1535 3530 1947 3628 Nympham
1993 3550 2258 3627 grege:
2317 3530 2617 3607 volvere
2673 3532 2911 3611 secum

917 3687 1156 3763 Multa
1205 3680 1440 3756 animo
1489 3670 1852 3749 manifesta
1897 3669 2126 3747 fides:
2175 3686 2477 3767 namque
2527 3668 2717 3746 edita
2763 3692 2930 3750 cura

913 3826 1029 3901 Ex
1079 3822 1300 3917 adyto
1347 3813 1652 3905 mentis,
1703 3832 1898 3889 nunc
1943 3813 2084 3885 huc
2133 3830 2330 3887 nunc
2380 3810 2687 3886 vertitur
2735 3811 2959 3890 illucz

914 3968 1149 4043 Texat
1199 3977 1282 4037 ut
1327 3956 1713 4035 armisonae
1783 3952 2049 4031 Sirenis
2095 3952 2342 4028 nobile
2389 3968 2696 4029 carmen.

1663 4274 1816 4351 LX
1833 4272 1894 4351 1.
1962 4270 2076 4348 De
2119 4270 2528 4370 Pherecyde-

834 4697 843 4705 ,
916 4606 1072 4681 Stat
1126 4598 1378 4693 syrius
1425 4594 1648 4673 saneti
1693 4594 2146 4691 Pherecydes
2191 4595 2409 4669 moris
2460 4595 2535 4671 in
2586 4614 2713 4669 ore

923 4744 1138 4837 Signa
1179 4740 1464 4832 ferens,
1508 4738 1871 4837 pascitque
1924 4738 2138 4814 animi
2189 4734 2519 4831 sapientis
2570 4756 2916 4835 acumen,

921 4884 1376 4983 Templaque
1425 4882 1704 4961 sublimi
1751 4877 2022 4981 spenstat
2068 4876 2397 4955 coelestia
2445 4880 2674 4957 vultu.
2932 4875 2939 4881 ’

1989 5018 2058 5096 E
2103 5042 2156 5097 2

3146 5018 3431 5102 LXII.
