4775 6000
1250 483 2734 616 LIBERSEPT1MUS.
3180 573 3356 652 ,ης

808 767 1056 857 naee,·
1101 759 1299 837 oculi
1326 811 1357 850 ‚
1403 777 1539 832 vos
1586 774 1825 851 poena
1872 767 2111 830 manet
2150 754 2498 850 justiffima
2517 813 2544 854 ,
2590 781 2722 859 per
2768 785 2950 864 quos
3065 851 3074 858 ,

898 889 1066 966 Nos
1112 900 1256 962 tam
1300 879 1577 960 difficili
1624 895 1849 957 vexat
1884 879 1975 958 ab
2016 880 2186 978 igne
2229 881 2460 962 labor.

1446 1201 1681 1281 LIX.
1782 1197 2500 1295 EJudnnu.

802 1523 1115 1604 Oseulor
1167 1466 1693 1616 Hippomene—hi
1714 1568 1743 1606 ‚
1792 1533 1993 1590 mens
2042 1515 2148 1589 est
2190 1516 2490 1593 obversa
2541 1520 2918 1602 Leandmg

900 1646 1233 1727 Leandro
1281 1644 1559 1742 quoties
1606 1641 1850 1716 oscula
1896 1640 2154 1716 blanda
2202 1640 2416 1732 fero,

689 1754 726 1796 *
799 1776 1130 1874 Effigiem
1181 1773 1451 1850 Xanthi
1498 1787 1672 1864 gero
1722 1764 2058 1862 pedrorez
2114 1764 2297 1840 bafia
2340 1764 2552 1842 sumit

889 1898 1219 1976 Xanthus
1240 1947 1267 1986 ‚
1310 1895 1400 1969 ad
1452 1891 1808 1994 absentem
1857 1911 2057 1968 mens
2105 1891 2291 1968 redit
2342 1893 2900 1988 Hippomenem.

808 2024 1157 2127 Quisquis
1200 2020 1441 2110 adest,
1491 2014 1769 2094 sordet:
1824 2013 1951 2090 sed
1993 2013 2085 2090 ad
2132 2017 2330 2093 hunc
2380 2017 2458 2092 dt
2507 2021 2745 2098 rursus
2792 2023 2883 2100 ad
2931 2027 3138 2112 inum

896 2153 1093 2226 Dum
1141 2146 1383 2235 feror,
1430 2144 1798 2238 amplexus
1848 2159 1961 2214 me
2010 2141 2281 2216 variare
2322 2141 2527 2234 iuvat
2551 2193 2583 2234 ‚

794 2281 1393 2366 Nummatamque
1443 2267 1635 2363 sequi
1688 2267 2070 2342 Venerem.
2119 2264 2238 2339 cui
2284 2265 2615 2362 displicet
2662 2271 2892 2370 istud,

888 2403 1181 2494 Semper
1230 2413 1466 2470 amaus
1509 2392 1635 2470 uni
1681 2390 1939 2467 serviat
1984 2389 2109 2464 illa
2156 2389 2351 2468 viru.

1204 2714 1385 2788 Lx.
1440 2713 2085 2802 Macznou'u,
2150 2709 2714 2792 Consums-

796 3040 947 3115 Ora
988 3034 1197 3129 lepor
1215 3084 1243 3124 ,
1290 3030 1605 3108 frontem
1650 3030 1905 3106 florum
1954 3028 2085 3107 tibi
2134 3028 2442 3107 circulus
2489 3049 2696 3109 ornat
2714 3082 2758 3127 r

882 3162 1031 3259 Ipsa
1078 3160 1331 3233 oculos
1382 3154 1619 3252 Cypri
1663 3155 1873 3245 diva,
1922 3174 2343 3253 manumque
2394 3157 2668 3251 chelys.

796 3292 919 3367 Sic
964 3286 1217 3360 oculos
1261 3282 1491 3355 oculis
1539 3278 1893 3375 praedaris
1920 3331 1949 3369 ‚
2000 3280 2327 3355 cantibus
2370 3300 2622 3359 autes:

888 3414 989 3491 Et
1034 3424 1267 3508 captat
1313 3406 1615 3503 juvenes
1661 3402 1905 3501 portio
1952 3424 2283 3501 quaeque
2333 3407 2482 3481 tui,

1432 3727 1499 3802 L
1528 3726 1670 3801 XI.
1773 3722 1837 3799 E
1890 3746 1925 3821 J
1978 3746 2030 3801 u
2081 3742 2121 3799 s
2172 3741 2229 3796 n
2278 3746 2329 3801 Ε
2376 3746 2488 3801 Μ..

792 4022 1069 4121 vagina
1116 4018 1385 4119 gladius
1437 4034 1565 4089 eur
1608 4019 1755 4091 exit
1776 4016 1823 4089 ἶ
1861 4031 1933 4091 te
1985 4016 2116 4093 tibi
2162 4017 2328 4113 juro

888 4150 1062 4224 Non
1114 4168 1255 4240 ego
1300 4160 1379 4219 ut
1426 4142 1788 4239 indignum
1842 4140 2165 4237 Cypride
2211 4142 2379 4239 quid
2428 4142 2701 4221 faciam.

786 4275 929 4353 Sed
979 4270 1108 4347 tibi
1155 4271 1248 4345 fic
1296 4269 1645 4358 Martem,
1698 4260 2021 4364 quamvis'
2067 4284 2229 4344 trux
2269 4272 2392 4345 ille
2438 4271 2781 4369 ferusque
2829 4272 2996 4368 eff,

736 4374 743 4381 ⁹
886 4396 1203 4475 Ostendo
1258 4394 1561 4471 Veneris
1603 4393 1839 4467 mollia
1878 4394 2048 4489 juffa
2093 4394 2267 4491 pati.

740 4530 747 4539 '
790 4528 932 4604 Hic
980 4544 1260 4614 comes,
1308 4522 1426 4595 hic
1468 4521 1673 4595 usum
1722 4519 1989 4617 speculi
2038 4522 2209 4595 mihi
2254 4522 2550 4617 praebet
2599 4522 2868 4599 amanti-
2989 4597 3000 4615 ,

732 4662 740 4669 ’
882 4654 1126 4727 Enfisz
1182 4651 1257 4724 iu
1308 4650 1457 4723 hoc
1498 4644 1747 4724 videor
1788 4646 2091 4742 pulcher
2135 4646 2211 4721 dt
2252 4646 2405 4749 ipse
2455 4646 2674 4738 mihi,

790 4783 1150 4878 Quantum
1198 4776 1359 4853 fivit
1409 4777 1656 4851 Amor.
1709 4774 1876 4865 sed,
1925 4774 1978 4849 fi
2028 4794 2141 4848 me
2192 4770 2452 4849 deseris
2473 4825 2502 4867 ‚
2547 4773 2681 4851 ibit

875 4906 962 4986 In
1006 4904 1322 4982 nostrum
1362 4924 1609 4981 mucro
1652 4902 1979 5001 protinus
2023 4898 2152 4973 iste
2197 4899 2422 4978 latu-3.

1863 5024 2013 5104 nd
2058 5046 2125 5126 3:
2287 4983 2336 5037 ²
2477 5058 2486 5067 ·
2748 5003 2762 5012 ’
2983 5027 3274 5107 ιΧΠ.
